2994 4796
263 943 517 1024 NICOLAI
548 941 782 1020 MARIAE
816 937 1094 1018 FOGGINII

189 1125 1170 1224 ADNOTATIONES

658 1317 706 1374 IN

379 1453 678 1525 THEODOSII
706 1451 983 1524 AGROASES.

567 1662 799 1678 w

462 1801 508 1862 IN
528 1793 906 1865 reuertemur-:tt

218 1967 302 2030 Vera.
325 1973 354 2034 1.
369 1959 409 2031 'st
428 1970 615 2052 Moylorpuv
627 1963 710 2050 ἥλιε]
742 1966 944 2050 Nicephorum
956 1965 1087 2030 chaom
1100 1963 1233 2046 Magistri
1249 1977 1301 2039 lea,
1317 1978 1392 2036 Rom,

134 2051 278 2132 dignitate
301 2055 393 2114 tulare
412 2055 588 2133 insignitum
613 2055 764 2116 Cedrenua
784 2055 992 2134 Curopalateo,
1014 2053 1147 2114 incertus
1162 2071 1233 2112 oon·
1263 2050 1297 2106 P·
1315 2053 1369 2108 876

133 2139 270 2199 tinuetor
296 2138 502 2220 Theophanis,
536 2140 686 2220 ceterique
712 2141 874 2220 scriptores
894 2147 1056 2200 tentantur.
1096 2137 1235 2218 Magister
1261 2119 1355 2181 ⁰⁰¹st
1418 2163 1419 2166 ¹

133 2233 234 2283 autern
249 2223 406 2284 dicebatur
419 2227 536 2306 primur
549 2226 629 2285 inter
641 2225 756 2284 nobiles
769 2225 961 2304 Imperatorio
977 2222 1137 2284 familiares
1142 2268 1152 2300 ,
1173 2241 1237 2302 eeu,

132 2319 169 2368 ut
191 2309 292 2389 inquit
312 2310 456 2390 Evagriua
476 2311 588 2371 flietor.
615 2309 666 2374 lib.
687 2310 741 2370 llI.
762 2331 828 2390 cap.
849 2315 899 2378 29.
920 2306 1042 2394 ἡγεμών
1060 2311 1122 2371 τῶν
1141 2306 1175 2372 ἓν
1197 2310 1239 2395 τῇ

132 2387 214 2480 αὐλῇ
233 2390 355 2474 τάξεων,
374 2399 552 2478 praefhotuo
570 2396 744 2475 officiorum
756 2398 881 2476 palatii.
923 2395 1005 2455 Haec
1020 2393 1165 2472 dignitas,
1187 2391 1239 2453 vel

131 2478 199 2560 ipro
220 2481 383 2541 Patricietu¹
394 2480 558 2560 illustrior,
581 2491 613 2542 et
631 2480 843 2564 tntptopuoog
858 2477 1111 2562 splendidissima
1126 2479 1163 2538 ab
1180 2477 1239 2538 ffi-

131 2565 252 2625 atoricia
273 2565 370 2641 dicta,
391 2567 445 2628 uni
457 2569 589 2649 primum
609 2567 839 2646 conserebatur,
861 2576 892 2628 at
906 2565 1047 2646 deinceps
1069 2565 1240 2624 collatrent
1300 2579 1310 2644 ᾖ

92 2691 94 2694 -
132 2651 281 2730 pluribus,
296 2660 331 2712 ut
350 2672 388 2712 ex
401 2654 674 2734 Luitprandolter.
690 2673 746 2734 per
766 2653 878 2733 Europ.
894 2662 967 2732 goat.
987 2651 1040 2716 lib.
1057 2649 1107 2710 v1.
1124 2649 1239 2730 capd.

133 2735 304 2812 colligitur,
325 2738 377 2815 qui
398 2738 507 2817 viginti
522 2749 651 2818 quatuor
666 2739 824 2817 Magistroo
845 2746 1010 2798 enumerat.
1050 2733 1238 2795 Theodoeiue

134 2821 360 2898 Magistrorum
375 2823 468 2882 colem
483 2823 687 2904 Nicephorum
702 2824 869 2904 appellaaae
882 2823 1014 2899 videtur,
1035 2821 1085 2882 vol
1101 2820 1170 2900 quia
1184 2817 1240 2879 Ni·

134 2903 285 2984 cephoruo
305 2903 385 2966 inter
410 2907 513 2987 pluree
531 2909 648 2988 primur
668 2917 759 2984 eoaet,
781 2908 831 2968 vel
845 2907 883 2967 ob
899 2907 1052 2988 praeclara
1068 2905 1130 2965 eius
1146 2911 1239 2982 geete,

134 2989 242 3072 quibua
262 2987 355 3047 huius
381 2991 533 3069 dignitatis
555 2992 752 3074 splendorem
769 3001 894 3052 auxerat
905 2991 945 3052 ad
960 3001 1128 3052 ceterorum
1142 2987 1240 3067 uagi-

35 3119 39 3128 ·
133 3087 269 3139 etrorurn
291 3075 471 3156 exemplum.
1220 3105 1224 3114 »

219 3165 250 3226 2·
271 3153 384 3240 Ῥώμης
397 3153 548 3240 indemni]
563 3161 682 3220 Itomae
692 3157 802 3220 vindex
815 3167 895 3220 certe
906 3160 966 3222 fuit
977 3158 1029 3222 hio
1041 3156 1239 3240 Nicephorno,

134 3245 224 3325 quia,
246 3253 282 3304 ut
301 3243 402 3324 inquit
422 3246 573 3306 Cedrenuo
588 3245 699 3310 Hister.
717 3246 820 3328 comp.
833 3265 898 3328 pag.
915 3247 988 3314 642.
1002 3239 1098 3308 πολλοὶ
1113 3239 1241 3326 τρόπαια

134 3325 285 3408 στήσαντα
303 3327 379 3393 nurci
396 3335 459 3394 τοῖν
478 3325 563 3416 ἑῴων
576 3335 777 3414 Σαρακηναῖν,
797 3333 898 3391 multa
911 3329 949 3390 de
962 3331 1125 3390 Saraomia
1142 3330 1241 3388 oriere·

133 3414 253 3474 talibus
272 3425 425 3476 statuerat
446 3428 587 3496 tropaea,
609 3418 661 3497 qui
676 3417 801 3478 Romani
812 3415 935 3498 imperii
953 3413 1125 3498 provinciae
1139 3413 1241 3494 depo-

133 3499 325 3580 pulabantur,
351 3510 381 3560 et
395 3503 465 3583 quin
478 3504 594 3563 Cretum
612 3523 629 3561 a
646 3503 802 3564 Saracenis
818 3501 959 3584 Hispanis
974 3501 1048 3563 olim
1060 3507 1240 3582 occupatam

134 3586 344 3652 Romanorum
362 3587 491 3669 imperio
513 3588 695 3650 restituerat.
716 3615 720 3628 ·

214 3673 245 3736 3.
269 3663 443 3752 Πεπόνηται
467 3669 523 3756 μὲν
536 3669 595 3757 πρὸ
609 3677 717 3756 καιροῦ
732 3671 802 3756 eto]
824 3671 905 3733 Haeo
918 3671 955 3732 de
969 3671 1074 3732 Cretae
1087 3689 1241 3752 expugna-

135 3754 219 3816 tione
240 3754 372 3814 cermina
393 3761 458 3816 iam
478 3769 588 3837 antea,
610 3759 732 3819 vivente
745 3777 852 3840 nempe
870 3759 947 3840 imp.
961 3758 1095 3818 Romano
1107 3757 1239 3836 iuniore,

131 3861 152 3900 a
166 3859 198 3899 oe
218 3841 354 3899 confecta
370 3842 462 3904 suioao
477 3843 663 3908 Theodosius
677 3853 816 3906 testatur.
859 3844 919 3904 Cur
932 3853 1031 3904 autem
1044 3863 1078 3902 aa
1093 3841 1127 3902 in
1138 3843 1240 3903 lucem

131 3945 197 3984 non
213 3923 406 4005 produxerit,
428 3930 556 3989 necdum
571 3939 657 4010 capta
682 3929 838 3989 occasione
858 3927 1023 4011 triumphi,
1047 3937 1136 4008 atque
1159 3927 1235 3988 adeo
1253 3937 1348 3998 cote

136 4009 298 4086 ovationia,
320 4031 408 4090 quarn
425 4013 611 4094 Nicephoruo
627 4015 664 4080 de
678 4017 765 4075 Crete
778 4023 948 4096 expugnate
962 4021 1070 4094 egerat,
1093 4013 1242 4074 rationem

130 4091 212 4154 hanc
224 4095 339 4155 reddit:
361 4097 394 4158 id
406 4098 506 4160 lacere
519 4099 666 4178 timuisse,
691 4100 775 4181 quod
788 4121 805 4160 e
821 4109 973 4179 geotorum
985 4098 1047 4160 eiua
1060 4097 1158 4176 gloria
1172 4098 1242 4179 plna

132 4200 231 4259 aequo
251 4180 306 4239 illa
320 4181 477 4246 distarent.
520 4185 562 4244 Ar
578 4205 649 4246 vera
665 4205 753 4246 cauea
768 4186 895 4246 tortam
909 4185 1009 4266 potius
1021 4185 1092 4264 fuit,
1112 4205 1151 4246 ne
1163 4183 1242 4264 Imp.

131 4263 268 4363 Romano
284 4265 466 4347 diapliceret,
479 4269 512 4328 in
526 4269 612 4331 cuiue
629 4271 830 4353 auapicionem
846 4279 972 4330 venerat
986 4269 1077 4332 nimio
1090 4269 1173 4352 apud
1183 4287 1243 4351 po·

131 4351 240 4429 pulum
256 4351 457 4416 roclareecene
471 4355 638 4438 Nicephori
651 4377 773 4420 nomen.
790 4355 860 4418 vit.
874 4355 1034 4420 Monitum.
