2994 4796
311 355 391 434 470
651 363 689 434 C.
708 365 744 432 B.
765 361 883 433 HASll
902 365 1057 434 NOTAE

314 543 444 603 quorum
463 520 522 582 hac
533 519 643 603 filium
660 521 843 602 significare,
864 545 927 586 aon
943 535 1081 606 patrem,
1108 525 1160 588 vel
1178 525 1280 606 pueris
1294 525 1391 586 'uotam

315 619 369 672 ast.
402 607 561 691 Euripides
575 607 744 670 Heraclidis
756 613 837 680 3262

765 693 796 770 ἐξ
812 693 930 760 ἐσθλῶν
943 691 977 758 ii
993 690 1066 774 pte,

516 771 615 852 onitin
627 778 743 842 nonina
754 773 908 861 contione
919 776 1011 862 peyaie
1024 775 1146 862 πατρός.
1206 781 1210 794 ’

312 860 432 928 tudam
448 881 488 924 cx
508 865 705 944 scriptoribus
727 865 872 944 prosaicis
892 867 1101 928 auctoritatem
1119 861 1276 924 Heliodori
1297 860 1390 940 ilasag.

316 954 387 1017 177.
401 949 435 1009 Β.
446 945 522 1028 πρός
533 945 607 1023 τούς
619 945 748 1028 φύντας·
770 959 800 1008 et
813 949 967 1010 Plutarchi
981 951 1148 1029 comparat.
1165 948 1275 1026 Agidis,
1296 948 1392 1006 cteon.

313 1043 344 1094 et
360 1033 485 1096 Gracoh.
499 1039 572 1102 796.
590 1037 624 1096 Δ.
642 1033 682 1094 lle
696 1034 836 1094 audiead.
849 1041 932 1116 poet.
946 1036 1039 1102 3613.
1048 1036 1142 1117 (quod
1157 1044 1202 1092 eat
1216 1032 1314 1092 nobile
1327 1033 1391 1108 trag·

287 1121 449 1182 Bmentum
468 1118 662 1199 Cresphoutis
676 1119 833 1200 Euripidei
850 1121 896 1204 ed.
911 1121 1030 1181 Baraas.
1045 1121 1084 1184 ll.
1100 1116 1185 1199 436.)
1209 1119 1250 1176 De
1263 1118 1391 1178 consolat.

312 1205 352 1265 ad
363 1204 472 1286 -elpolle
488 1212 558 1272 111.
570 1205 602 1266 B.
624 1204 694 1264 ldeo
710 1215 808 1266 eutem
823 1205 915 1285 magis
933 1205 1043 1280 miror,
1064 1204 1096 1267 ia
1110 1204 1169 1264 hoc
1187 1202 1279 1264 verbo
1295 1220 1392 1262 errans

311 1289 459 1367 Leonem,
486 1289 568 1369 quod
589 1298 619 1350 st
638 1289 703 1369 ipsa
721 1296 771 1356 69.
793 1290 824 1352 G.
841 1300 921 1353 reete
940 1289 1128 1368 adhibuerit,
1150 1287 1181 1364 ἐξ
1205 1281 1329 1368 ἆσήμαν
1348 1283 1391 1366 μὲν

312 1369 394 1454 φύς·
417 1384 447 1434 et
460 1373 609 1454 Agatbiaa,
631 1393 719 1454 quem
732 1375 992 1452 misericoraiae,
1014 1369 1115 1455 φν’ντα
1126 1393 1182 1455 pro
1196 1385 1304 1432 αοιατιι
1316 1391 1392 1432 ιιιιια·

311 1471 366 1540 pet
380 1461 432 1526 65.
450 1460 483 1524 D.
500 1453 639 1539 φύσαντα
651 1480 708 1540 pro
716 1471 843 1539 parente
858 1462 928 1529 147.
944 1462 976 1518 C.
1322 1475 1327 1486 ¹

399 1541 476 1606 ttici.
499 1547 545 1605 lin
573 1545 623 1612 16.
650 1551 715 1620 τοῖς
734 1545 894 1624 nuenburg]
923 1545 1071 1606 Nimirum
1091 1546 1160 1628 alita
1177 1545 1317 1621 functis,
1342 1546 1393 1614 τοῖς

312 1627 555 1710 κατοιχομένοις·
576 1649 615 1689 ex
628 1629 753 1708 Agatbia
766 1635 817 1697 88.
831 1631 865 1690 Β.

398 1718 481 1794 Pag-
505 1717 576 1782 120.
597 1715 652 1778 lin.
677 1719 726 1782 18.
744 1710 954 1796 Ἀνόρᾶλεστσς
968 1708 1042 1794 ἦνὸ
1061 1711 1238 1796 Hospitem]
1268 1705 1393 1794 utita-

315 1817 390 1875 στος
398 1799 479 1880 apud
494 1799 654 1878 Seylitasrn
671 1820 725 1860 ms.
736 1809 767 1860 et
782 1801 906 1860 Cedren.
920 1801 956 1862 ll.
972 1806 1043 1868 670.
1063 1799 1098 1858 A.

402 1883 481 1946 thid.
504 1885 559 1947 lin.
581 1886 631 1952 15.
652 1878 896 1967 ἀπροφασίστως]
911 1883 1126 1946 Vertiseebe'to:
1147 1881 1318 1944 accuratius
1332 1878 1392 1939 luis-

314 1977 378 2047 set,
407 1969 500 2029 nullo
520 1989 617 2047 σοαοᾳ
639 1981 809 2049 apparente.
852 1969 971 2030 liabent
992 1963 1217 2050 ἀπροφάσιστος
1237 1977 1271 2026 et
1292 1963 1392 2025 adverb.

280 2083 288 2093 ·
315 2049 547 2137 α’ττροφασίστος
562 2055 672 2136 poesim
691 2056 788 2116 varies
807 2057 993 2135 maximeque
1009 2055 1140 2114 diversas
1161 2052 1392 2132 significationes:
1451 2009 1452 2094 4

315 2160 390 2220 quae
406 2160 474 2200 eum
490 2140 543 2200 vix
559 2161 576 2199 a
592 2161 742 2220 quoquam
757 2139 856 2201 adhuc
872 2137 1007 2222 (opinor)
1029 2139 1193 2220 explicatae
1209 2138 1289 2212 sint,
1310 2135 1393 2215 dispo-
1451 2097 1452 2188 l

313 2245 384 2285 nam
405 2225 456 2285 laio
473 2225 589 2305 aliquot
606 2225 791 2306 singularum
814 2227 966 2307 exempla,
993 2224 1245 2305 quemadmodum
1265 2222 1346 2282 aliam
1363 2237 1393 2278 ex

315 2311 484 2370 alienatam
499 2311 643 2378 arbitror:
665 2309 710 2390 1.)
728 2305 976 2393 Ἀτροφᾶσιστος,
991 2308 1127 2390 quodfit
1140 2312 1203 2368 eine
1218 2329 1330 2379 ewa,
1349 2323 1393 2364 ⁰¹¹·

314 2395 363 2454 ius
379 2393 543 2476 πρόφασις,
564 2394 623 2454 hoe
641 2405 685 2456 eat
702 2416 808 2472 causa,
831 2399 879 2456 vel
890 2417 953 2460 nou
967 2404 1107 2475 apparet,
1129 2395 1178 2454 vel
1192 2391 1277 2454 nulla
1292 2401 1339 2452 eat.
1369 2391 1392 2446 S·

316 2481 439 2557 Gregor.
458 2480 543 2559 Nyss.
558 2480 593 2545 In
609 2479 779 2541 Ecclesiaat.
796 2481 818 2542 l.
841 2483 912 2548 402
932 2481 967 2542 Δ.
983 2479 1002 2544 6
1016 2474 1243 2560 αἰτοοφοὶσιστος
1263 2477 1362 2560 γέλως,
1379 2469 1393 2534 ὅ

289 2560 392 2626 ctera
411 2565 507 2637 αἰτίας
524 2569 653 2644 θρῆνος.
695 2564 875 2626 Heliodorus
890 2566 1034 2644 Theagen
1057 2574 1084 2626 et
1104 2565 1192 2628 Char.
1214 2565 1284 2630 144.
1302 2563 1333 2622 Β.
1346 2551 1378 2642 β’

314 2642 388 2710 etia
410 2671 440 2712 τι
464 2647 517 2711 nol
539 2643 768 2731 ἀπροφάσιστον
788 2649 964 2728 inimicus,
993 2654 1058 2712 sirie
1076 2651 1143 2710 atla
1164 2671 1264 2710 consa
1283 2649 1393 2727 ingeni·

314 2753 407 2794 *cent-
445 2739 517 2802 172.
539 2734 573 2794 Δ.
596 2728 824 2815 ἀπροφάσιστον
843 2731 1029 2817 tramites,
1059 2738 1214 2794 iinonmia
1236 2737 1303 2794 eine
1316 2747 1393 2790 cauea

315 2830 488 2899 apparente.
515 2819 583 2899 Ipsa
597 2821 656 2880 Leo
676 2830 780 2882 noster
801 2826 851 2888 76.
872 2823 905 2886 B.
924 2817 981 2901 esis
999 2816 1227 2902 ainpopsioeoaov
1254 2817 1305 2884 nai
1318 2807 1392 2880 ‹iut-

224 2971 227 2977 ,
314 2927 406 2968 ιιοτον
425 2903 578 2984 Ῥωμαίων
606 2901 726 2988 φυγήν,
758 2907 933 2966 insolentem
956 2917 984 2964 et
1005 2910 1070 2966 siue
1097 2927 1193 2964 cauea
1213 2907 1335 2983 sactum
1348 2901 1392 2977 stt·

313 3011 415 3070 gome.
436 2990 515 3050 verti
535 2990 578 3049 ibi
602 2991 701 3051 minus
722 3001 869 3052 accurate.
904 2992 980 3052 Item
1007 2967 1088 3072 aputl
1109 2991 1262 3052 Heliodor.
1284 2992 1348 3057 269·
1365 2983 1391 3042 B·

316 3068 541 3154 οἷντροφᾶσιστοι
555 3076 647 3139 αἰτίαι
659 3085 730 3138 auat
741 3080 950 3138 accusationes
962 3076 1025 3136 siae
1038 3097 1142 3151 causa,
1163 3077 1195 3136 id
1210 3084 1255 3134 est
1269 3077 1392 3140 iniustas,

316 3171 349 3219 ut
369 3161 441 3226 304.
461 3161 493 3222 G.
508 3153 734 3240 αἰτροφᾶσιστσς
747 3157 893 3242 πόλεμος,
916 3171 946 3222 st
963 3163 1044 3241 apud
1059 3165 1088 3222 S.
1104 3161 1194 3222 Basil.
1206 3161 1298 3240 Epist.
1313 3171 1391 3217 am·

316 3241 359 3310 ll.
383 3251 455 3311 900.
479 3245 513 3304 Β.
537 3239 765 3326 ἆτοοφοὶσιστον
783 3253 880 3328 μῖσος,
899 3246 1007 3306 odium
1033 3267 1095 3308 nou
1115 3256 1178 3306 mm
1202 3237 1391 3310 insanabile,

316 3329 566 3408 quemadmodum
589 3331 792 3391 Montacutius
818 3332 1029 3410 interpretatus
1051 3341 1112 3407 est,
1145 3351 1232 3410 quam
1261 3332 1392 3388 iniustum

317 3413 382 3474 sive
393 3415 485 3473 nullo
496 3413 533 3473 de
548 3435 647 3474 cauea
658 3429 840 3496 susceptum.
869 3418 919 3476 Sic
931 3417 1009 3476 enim
1021 3417 1126 3476 melius
1141 3416 1265 3495 exponit
1278 3416 1392 3474 Laurea·

316 3498 415 3559 ktaiaa
439 3499 492 3558 itta
513 3501 544 3560 S.
568 3501 654 3580 Greg.
672 3502 759 3583 Nyso.
774 3503 868 3582 Epist.
883 3503 921 3562 ad
936 3501 1070 3566 Flavias.
1085 3502 1125 3562 ll.
1142 3507 1233 3568 1077.
1247 3489 1392 3561 uetita
1446 3537 1447 3558 2

317 3577 373 3645 ιι6ν
392 3605 424 3645 se
445 3583 498 3646 stol
518 3577 748 3666 ιῖιτροφιὶσιστον
767 3581 846 3650 καθ’
870 3586 958 3668 ἡμῶν
984 3595 1080 3668 μῖσος.
1115 3585 1296 3646 Δάιοτίιίιιαι
1317 3571 1391 3641 simili

319 3685 411 3729 sensu
430 3665 611 3730 Heliodorus
632 3675 705 3738 316.
731 3673 763 3732 0.
782 3673 820 3732 de
840 3673 1042 3750 cubicularia,
1073 3665 1314 3752 ainpopaoimaac,
1339 3665 1391 3720 ⁸5⁰⁶
1446 3691 1447 3698 ¹

253 3793 255 3804 ·
319 3773 426 3826 001480.
448 3752 647 3816 411007ῠῦ111.
676 3755 718 3836 2.)
739 3751 985 3842 ’depositorem
1007 3757 1088 3837 quod
1099 3757 1134 3816 lit
1148 3753 1390 3815 etmeaueetiom

318 3836 379 3898 boc
398 3846 457 3916 est,
484 3837 549 3899 sins
570 3841 828 3920 tergiversatione,
855 3853 990 3923 promte,
1024 3843 1177 3904 alacriter.
1209 3843 1238 3900 S.
1259 3837 1340 3900 Basil.
1358 3831 1391 3890 00

319 3921 459 4003 baptism.
477 3922 503 3984 l.
523 3923 594 3990 646.
615 3927 650 3986 s.
673 3921 911 4013 ἆτοοφασίσιφ,
938 3923 1085 4010 ταχντᾶτῃ
1105 3949 1137 3989 τι
1159 3925 1212 3990 scol
1230 3921 1390 4006 μετεαρὲπφ

290 4005 456 4118 Βῦιταιιοή.
497 4008 585 4069 Unde
604 4011 724 4074 Simeon
738 4012 953 4092 ltletapltrastes
971 4011 1040 4074 Vita
1056 4015 1085 4074 S.
1101 4011 1251 4093 chrysost.
1271 4011 1335 4076 897·
1348 4001 1389 4066 87·

270 4137 280 4156 ,
318 4087 724 4176 neumasensium,
746 4109 776 4158 si
793 4097 946 4158 seriana.
968 4097 1037 4157 vna
1053 4098 1183 4158 eusdem
1204 4101 1254 4163 so.
1270 4093 1300 4152 c.
1315 4086 1389 4176 σιτ,
1444 4127 1445 4218 p

318 4171 468 4257 maiestras
482 4173 598 4260 αἰιοιὶν,
614 4193 775 4262 promtam
785 4181 990 4244 auditionem:
1010 4203 1082 4260 non,
1103 4203 1194 4242 auree
1208 4182 1312 4241 omisso
1325 4185 1389 4231 cmm

1449 2575 1451 2656 l

316 4274 477 4344 praetextae
491 4265 750 4346 accommodatae,
771 4277 809 4328 ut
824 4269 919 4330 vertit
934 4269 1076 4348 bigotius.
1106 4267 1204 4329 Possis
1224 4266 1306 4326 etiara
1321 4252 1388 4346 (tplj

320 4345 392 4429 nor)
413 4347 477 4412 hac
493 4351 608 4414 reterre
624 4352 726 4418 locum
747 4351 880 4418 Philonis
892 4355 937 4416 n·
955 4355 1043 4434 legat.
1056 4353 1096 4416 ad
1109 4353 1213 4418 &ium
1225 4353 1293 4422 796·
1306 4347 1335 4410 Β·
1346 4335 1387 4398 ll*
