2994 4796
403 373 448 444 ΙΝ
468 369 625 444 LEONIS
645 373 829 444 DlACONl
849 373 927 442 LIB-
948 375 987 445 V·
1163 367 1236 444 451

148 532 220 594 stris
239 529 437 594 Schneiderus
455 529 567 592 Lexico
580 536 653 600 223.
667 533 702 596 t).
740 534 884 609 Leonem,
905 532 1075 593 verberare
1087 555 1240 618 aucupen.

146 627 223 694 tem,
243 617 392 678 invenisse
410 617 591 678 credendum
605 628 651 678 est
664 619 695 678 in
710 619 861 679 Glossario
877 617 987 698 eliqua,
1010 622 1240 702 Παρεξηνλημέ.

145 722 216 775 νος·
238 701 475 785 διεφθαρμένος,
497 697 643 785 ἆμνδρός·
666 725 740 782 ques
764 703 854 764 hodie
874 703 1012 780 leguntur
1029 706 1108 782 opud
1122 707 1239 768 Phoro-

144 789 245 850 finum
262 789 415 854 144123.
437 787 539 869 (psulo
552 788 670 867 longior
684 798 729 848 est
741 790 847 850 Suides
859 788 909 850 111.
920 789 970 855 46.
981 784 1027 866 C.)
1040 789 1155 867 sibique
1169 801 1266 870 perat)

146 872 274 932 suasisse
291 893 456 952 synonymo
476 893 538 934 esse
557 872 632 934 hoec
654 875 768 949 osnnie,
791 875 953 952 eodemque
974 893 1064 932 sensu
1078 893 1242 956 usurpasse.

147 957 231 1031 Ques
248 957 273 1016 si
290 958 356 1034 quis
374 959 474 1017 minus
489 957 604 1038 probet,
626 959 736 1018 scribet
751 957 1009 1042 τιαρεξηλαμίνος,
1030 957 1242 1043 ετταρεξελαύ-

145 1065 199 1120 νω,
221 1043 303 1121 quod
315 1043 383 1101 vids
395 1043 427 1102 in
442 1051 519 1103 nott.
534 1042 570 1101 ed
589 1043 639 1108 94.
656 1045 686 1106 C.

146 1135 150 1147 '
229 1129 308 1206 Peg.
323 1128 373 1193 85.
386 1128 440 1186 lin.
456 1131 486 1192 8.
498 1122 660 1207 τολμήσας]
676 1126 821 1206 Propoeui
834 1126 1002 1208 τολμητίας,
1018 1128 1109 1207 quod,
1122 1139 1241 1208 prester

145 1212 213 1271 loce
228 1211 260 1270 in
275 1212 406 1290 margine
425 1213 533 1290 allate,
553 1212 662 1291 legitur
675 1214 726 1280 75.
743 1213 774 1272 C.
793 1221 896 1272 mutuo
914 1223 1047 1273 sumtum
1061 1233 1099 1273 ex
1113 1211 1238 1294 sgittis

147 1296 502 1364 monuwa

228 1378 527 1448 intentent
558 1377 615 1462 τήν
639 1383 696 1444 τοῦ
722 1374 942 1464 αὐτοκράτορος
971 1375 1154 1462 Νικηφόρον
1177 1387 1238 1446 τῶν

146 1459 319 1548 οίνακτὸρων
336 1471 492 1548 μελετῆσαι
511 1465 712 1549 καθαίρεσιν]
735 1467 815 1526 lnsre
837 1472 887 1532 70.
909 1468 944 1528 Β.
965 1464 1022 1547 τὴν
1034 1471 1089 1530 τοῦ
1099 1463 1238 1532 Ἰωάννου

145 1553 207 1611 τοῖν
225 1545 410 1633 οίνακτορίων
429 1553 617 1634 καθαίρεσιν.
661 1552 763 1630 Neque
782 1549 854 1610 odeis
869 1551 1006 1614 dissimili
1022 1551 1123 1631 phrasi
1139 1559 1190 1618 71.
1204 1555 1238 1614 Β.

144 1638 206 1696 τῶν
229 1638 413 1716 τυραννείων
436 1635 585 1714 κατιέναι,
614 1634 651 1694 de
672 1638 796 1713 imperio
815 1635 957 1699 decedere.
1000 1637 1096 1696 Hsbst
1116 1638 1239 1717 quidem

143 1720 203 1780 Leo
217 1721 290 1781 elios
304 1741 410 1782 vocem
424 1714 610 1802 α’νοίκτορον,
631 1719 683 1780 sed
698 1721 749 1795 ita,
772 1730 805 1780 ut
811 1722 971 1799 palatium
985 1721 1120 1796 denotet,
1142 1727 1190 1788 19.
1204 1723 1238 1786 0.

142 1808 196 1871 39.
217 1807 253 1868 Ι).
273 1805 323 1872 40.
336 1806 373 1868 Δ.
391 1811 441 1873 61.
454 1807 488 1867 Β.
510 1811 560 1873 60.
576 1806 606 1866 C.
621 1811 672 1872 79.
687 1804 723 1866 sl.
740 1807 774 1866 Β.
789 1806 869 1884 quod
884 1806 954 1864 alibi
967 1805 1066 1868 ἑστίαν
1078 1802 1135 1886 τὴν
1151 1807 1240 1886 βασί·

144 1895 226 1954 λειον
239 1911 293 1950 seu
308 1888 465 1971 βασιλικήν
472 1899 563 1951 vocet
576 1891 656 1965 (vide
672 1909 790 1970 quoque
804 1895 873 1958 189.
887 1889 933 1970 C.)
948 1891 1009 1950 sive
1023 1887 1080 1969 τήν
1088 1893 1240 1971 βασίλειον

145 1969 260 2056 aviliu,
282 1979 334 2042 30.
355 1977 389 2036 Δ.
413 1978 464 2042 52.
486 1977 522 2036 Δ.
549 1976 581 2038 G.
603 1981 656 2041 62.
670 1976 704 2036 Β.
717 1975 786 2034 olibi
805 1971 841 2037 τα
852 1975 1006 2056 Βασίλεια,
1028 1981 1078 2042 20.
1091 1977 1123 2035 Β.
1138 1981 1189 2042 21.
1204 1976 1238 2038 Α.

145 2065 196 2127 29.
211 2063 244 2122 Β.
256 2063 306 2128 62.
322 2061 356 2121 Δ.
370 2059 420 2126 57.
431 2061 462 2121 C.
478 2062 528 2127 69.
542 2059 577 2120 Δ.
591 2065 642 2126 60.
657 2060 690 2123 Β.
701 2065 750 2126 90.
761 2061 795 2120 Β.
810 2065 880 2126 100.
891 2061 927 2120 Ι).
941 2061 1005 2121 sive
1016 2057 1073 2138 τὴν
1086 2055 1241 2140 deusvoss-

146 2141 206 2224 κήν
218 2145 326 2220 ἑστίαν,
338 2147 428 2212 98.Β.
438 2151 509 2212 102.
516 2146 547 2204 C.
557 2149 627 2210 110.
636 2145 670 2209 Β.
690 2141 733 2206 Ti
742 2151 813 2206 θεῖα
822 2137 973 2226 οἷνοίκτορα
981 2151 1031 2210 60.
1041 2146 1071 2204 C.
1084 2146 1240 2204 ecclesiam

146 2229 281 2303 denotet,
303 2231 340 2289 de
363 2251 421 2310 que
435 2229 650 2308 significatione
667 2229 730 2290 vid.
744 2229 787 2294 lo.
801 2229 941 2289 Wollium
955 2231 993 2289 sd
1006 2227 1147 2289 Photium
1162 2230 1239 2289 Con-

146 2323 193 2374 trs
204 2314 332 2378 Menioh.
350 2315 461 2374 Aneod.
478 2315 530 2378 Gr.
544 2314 580 2378 ll.
594 2317 666 2382 218.
685 2315 718 2375 0.
751 2316 938 2396 Καθαίρεσις
956 2323 1054 2373 sutem
1067 2313 1118 2375 hio
1135 2315 1239 2374 eodem

145 2419 252 2478 sensu,
274 2420 334 2480 quo
351 2395 490 2462 καθελοίν
511 2400 593 2480 opud
614 2401 643 2463 S.
661 2399 801 2459 Athenas.
824 2399 937 2461 Histoe.
958 2399 1058 2458 Arion.
1076 2400 1101 2463 1.
1116 2399 1238 2466 3891.
1255 2399 1288 2458 P.
1303 2398 1357 2460 222
1416 2435 1422 2446 ·

142 2492 225 2566 τρεῖς
248 2487 391 2566 βασιλεῖς,
413 2487 621 2567 Βρετανίωνα,
642 2483 695 2548 καὶ
712 2479 922 2567 Μαγνέντιον,
942 2485 992 2546 καὶ
1008 2479 1123 2547 Γίλλον
1147 2491 1240 2546 eute-

143 2567 225 2646 ltbr,
247 2591 317 2628 curn
330 2581 389 2628 tres
404 2571 501 2650 impp.
527 2571 753 2646 Vetranionem,
775 2571 1001 2649 Magnentieun,
1025 2571 1154 2628 Gallum
1173 2572 1238 2627 im-

140 2658 229 2734 perio
247 2653 451 2716 deturbasset:
471 2653 733 2716 Montefelconius:
755 2675 824 2714 cum
842 2665 902 2712 tres
916 2675 1009 2734 reges,
1029 2655 1066 2716 V.
1080 2657 1124 2716 M.
1140 2663 1168 2713 et
1183 2655 1238 2728 G..
1361 2693 1364 2703 ‹

147 2742 221 2817 imp.
236 2739 415 2800 abdicasset.
456 2741 550 2814 Porro
565 2746 735 2821 καθαιρεῖν,
757 2739 837 2819 opud
852 2740 1012 2819 scriptores
1025 2740 1239 2799 ecclesiasticos

147 2824 281 2900 solenne,
302 2834 387 2884 sonet
400 2823 557 2902 deponere,
579 2835 779 2895 exauctorare,
794 2824 838 2882 ab
852 2826 954 2902 afficio
967 2845 1120 2884 remouere.
1163 2825 1240 2882 Gon.

148 2907 199 2970 oil.
225 2908 401 2969 Chalcedon.
423 2909 461 2970 ll.
481 2914 553 2976 387.
571 2910 607 2970 Δ.
631 2907 723 2989 ἡνίκα
738 2903 901 2986 Νεστόριος
915 2907 1094 2992 καθῃρέθη,
1116 2905 1239 2988 quando

149 2993 312 3053 Nestorius
339 2991 494 3072 depositus
516 3005 567 3054 est.
610 2994 714 3054 Versio
735 2991 865 3072 vulgaris
891 3011 1062 3075 perperam:
1095 2991 1180 3071 quod
1200 2993 1239 3054 Ν.

145 3076 315 3138 damnatus
329 3089 380 3139 est.
422 3079 533 3140 Similis
549 3078 597 3139 vis
617 3077 733 3139 nomini
746 3078 930 3158 καθαίρεσις.
971 3077 1031 3136 Leo
1050 3087 1151 3136 noster
1168 3080 1239 3142 101.

146 3163 182 3226 Δ.
197 3165 310 3225 Concil.
323 3163 553 3224 Cbelcedonsns.
566 3163 603 3224 ll.
614 3169 665 3230 79.
681 3163 715 3222 E.
726 3163 902 3244 καθαίρεσις
912 3159 987 3240 ἡμῖν
1002 3153 1166 3242 ηἰτειλήθη,
1183 3161 1240 3218 mi·

146 3269 205 3312 nae
236 3251 323 3310 nobis
347 3249 579 3309 intendebantur
611 3246 818 3328 depositionis.
861 3245 963 3306 Versio
981 3244 1112 3322 vulgaris
1138 3263 1239 3304 erroro

148 3353 208 3412 quo
222 3357 320 3414 suprs,
336 3335 515 3394 minabatur
526 3333 596 3394 nob.
613 3331 782 3393 damnatio.
808 3331 849 3392 At
863 3331 977 3390 Concil.
991 3329 1115 3407 general
1131 3338 1238 3388 octavo

147 3417 184 3478 V·
201 3425 290 3486 1071.
308 3421 340 3480 Ε.
356 3415 379 3500 ἡ
393 3417 426 3482 tt
444 3421 642 3502 καθαίρεσις.
657 3408 1052 3500 .·βεβοιωθηναιίζητήθη,
1072 3411 1239 3472 Matthaeus

147 3503 280 3566 liederus
297 3513 378 3564 recte
394 3504 556 3580 intellexit,
579 3523 748 3584 quenquam
766 3521 849 3562 nunc
871 3500 906 3558 in
926 3499 995 3558 edit.
1007 3518 1164 3579 perperam
1178 3496 1239 3556 im·

147 3609 282 3669 pressum
303 3589 343 3650 sit
364 3593 628 3666 exauctoritatem,
654 3607 728 3669 pro,
757 3587 1047 3646 exauctorationem:
1076 3583 1158 3664 quod
1177 3583 1238 3644 Leo

148 3673 294 3736 ἔκπτωσιν
308 3677 362 3754 τῆς
378 3668 543 3756 ἱερωσύνης
556 3682 645 3734 vocet
658 3679 708 3740 70.
720 3673 754 3732 B.
777 3671 835 3731 Sed
843 3669 942 3730 dehoc
955 3669 987 3728 vi
1001 3668 1084 3730 vocis
1097 3668 1238 3749 καθαίρε·

148 3777 196 3831 σις
214 3759 274 3816 iam
295 3761 432 3820 Suicenu
452 3758 594 3822 Theseus.
610 3757 721 3818 Eccles.
735 3758 773 3818 ll.
787 3761 816 3821 1.
832 3765 861 3816 et
879 3755 944 3814 elii:
964 3753 1142 3816 vocobulum
1157 3751 1267 3823 deri-n

147 3853 251 3902 vetum
260 3843 439 3919 .omissrunt,
454 3840 661 3926 καθαιρετικᾶ,
676 3843 772 3923 suppl.
789 3837 962 3923 γράμματα,
983 3842 1111 3915 litterae,
1125 3837 1239 3918 quibus

149 3923 345 4003 depositionis
369 3930 510 4006 formula
537 3948 591 3988 seu
617 3930 763 3986 sententia
784 3929 963 3985 continetur.
1006 3925 1097 3999 Quod
1121 3943 1239 3999 moneo,

149 4011 220 4088 quio
234 4031 298 4068 eam
314 4031 433 4092 quoque
447 4033 552 4072 vocem
568 4013 651 4074 docti
664 4012 773 4093 passim
784 4031 846 4071 non
859 4012 1081 4071 intellexerunt.
1102 4008 1160 4068 loc.
1178 4007 1240 4067 Bit.

147 4094 208 4156 lius
223 4094 255 4154 in
277 4097 422 4176 Anonymi
434 4097 503 4157 Vite
515 4101 545 4158 S.
560 4097 667 4162 Athen.
686 4118 744 4161 oxs.
760 4099 792 4158 Β.
807 4098 998 4176 κατηγορίαις
1011 4095 1044 4159 ἐν
1058 4099 1120 4167 τοῖς
1132 4099 1240 4156 καθαι.

149 4185 291 4260 ρετικοῖς,
312 4180 363 4243 καί
389 4177 496 4264 ὕβρεσι
514 4181 566 4246 καί
581 4185 755 4267 διασυρμοῖς
768 4177 999 4258 πλεονάσαντες,
1021 4179 1128 4255 vertit,
1150 4197 1241 4235 accu·

147 4264 339 4342 sationibus,
365 4266 534 4330 abdicandi
567 4289 666 4328 causa
692 4271 777 4348 νίνὶ,
803 4267 1008 4342 centuriatus,
1038 4261 1242 4324 derisionibus

148 4372 217 4412 eum
236 4372 333 4432 supra
353 4353 477 4414 modeim
496 4355 672 4436 afficientes.
714 4355 797 4418 linos
814 4357 871 4436 qui
883 4357 917 4413 in
923 4351 1068 4433 formula
1080 4347 1242 4430 deprcsitio-
