2984 4798
410 373 456 442 m
474 367 717 446 arnoaosn
735 365 971 442 sceoasns.
1078 336 1079 339 ‘
1162 351 1243 433 aot

234 533 285 603 21.
304 528 436 608 ἣὲποος
453 529 605 608 inescata]
628 525 731 607 Σνέπη
749 537 794 588 eat
810 527 931 610 propria
947 535 1165 607 tegumentum,
1185 520 1241 586 sed

148 619 200 686 hic
211 641 270 702 pro
280 619 354 686 locis
368 616 494 678 oceadtis
508 624 539 676 et
549 614 702 694 imperviis
715 613 971 693 interpretandum
986 631 1100 684 censeo,
1122 631 1157 671 eo
1172 631 1241 670 mo-

149 707 205 782 do,
226 725 285 784 quo
308 697 484 783 σπεπεισμός
503 695 594 774 τόπος
615 699 718 758 eodem
739 718 828 758 sensu
850 708 986 758 notatum
1009 694 1141 756 occurrit
1159 694 1241 774 apud

149 789 281 867 Suidam,
303 808 394 869 quare
409 796 440 846 et
454 785 634 845 adiectivum
649 783 831 862 subsequens
846 783 985 855 ἐπακτοῖς
997 781 1064 840 loca
1076 779 1241 856 obstructa,

148 885 200 934 aut
218 895 335 954 aspera,
365 891 434 948 scu,
460 878 497 928 ut
517 867 619 949 inquit
641 867 783 946 Virgilius
806 869 878 926 Aen.
905 888 933 931 v.
955 872 1032 942 662,
1063 865 1130 924 loca
1155 874 1242 929 senta

146 963 212 1020 citu
237 957 401 1037 significat,
421 975 514 1038 quum
537 975 555 1014 a
579 952 670 1015 verbo
695 947 805 1037 inclyto,
828 953 969 1030 obstruo,
989 953 1081 1032 sepio,
1103 949 1143 1009 sit
1160 947 1244 1009 deri·

145 1054 259 1108 vasum.

232 1153 283 1214 29.
305 1139 399 1224 Ἅντὶ]
421 1144 577 1205 Cornelius
600 1143 716 1204 Codicis
733 1143 823 1204 fidem
839 1163 902 1204 non
917 1151 1060 1224 sequutus
1073 1137 1169 1206 edidit
1188 1131 1246 1202 ου’-
1262 1143 1353 1201 cett

146 1230 211 1311 adv,
233 1231 284 1291 sed
304 1233 347 1290 ita
364 1251 424 1291 esse
442 1229 649 1309 corrigendum
666 1230 790 1290 notavit.

174 1325 176 1330 ,
233 1343 284 1405 30.
300 1337 421 1418 Hlarus]
436 1337 486 1396 Sic
500 1337 611 1418 optime
620 1335 774 1396 Cornelius
788 1334 957 1394 emendavit
970 1299 1027 1413 pro
1038 1337 1148 1408 ποιεῖν,
1160 1329 1245 1412 quod
1293 1403 1295 1410 Ι

147 1423 200 1484 hic
212 1423 312 1483 locum
328 1423 435 1482 habere
447 1443 509 1482 non
524 1431 631 1502 potest.
672 1421 707 1480 Ia
723 1419 832 1480 Codice
845 1440 907 1480 non
921 1420 992 1480 satis
1004 1419 1083 1480 clare
1093 1417 1168 1478 haec
1181 1435 1245 1478 vex

147 1509 265 1588 legitur,
285 1507 337 1568 sed
351 1507 450 1570 πίνειν
464 1507 610 1588 scriptum
626 1526 690 1566 esse
703 1505 834 1566 videtur.

231 1619 281 1682 33.
303 1612 337 1677 ‘0
350 1606 581 1700 liapapov'vang]
599 1612 666 1672 Non
681 1611 719 1671 ad
733 1611 901 1694 principem
919 1611 1022 1670 Cretae
1035 1608 1170 1670 hmerana
1183 1607 1246 1668 hoc

147 1721 257 1762 nemen
273 1701 362 1775 refer,
376 1719 463 1778 quem
480 1699 629 1778 Curupam
640 1697 729 1757 luisse
747 1697 861 1756 dictum
876 1697 1011 1776 superius
1027 1695 1147 1754 derosa.
1164 1694 1200 1752 ll.
1212 1713 1245 1754 v.

149 1789 199 1852 82.
215 1785 356 1844 vidimus.
397 1784 458 1843 Nec
475 1791 504 1842 te
519 1792 645 1859 moveat,
659 1781 741 1842 hunc
758 1781 846 1841 etiam
862 1779 1057 1840 aTheodosio
1073 1777 1199 1838 inferius
1213 1795 1245 1840 τ.

79 1903 83 1912 ,
149 1871 220 1935 134.
243 1870 381 1928 Ameram
405 1869 593 1948 nuncupari:
615 1887 685 1926 nam
706 1868 806 1947 plures
829 1867 932 1924 Cretae
955 1867 1074 1924 Amaras
1097 1863 1186 1924 baisse
1206 1881 1246 1921 ex

149 1955 283 2014 cedreno
307 1973 374 2035 pag.
396 1955 468 2018 643.
493 1953 654 2028 discimus,
677 1953 729 2031 qui
748 1961 866 2032 praeter
880 1953 1031 2030 Curnpam
1051 1947 1246 2008 aliumetiem

147 2049 291 2100 memorat
304 2039 424 2098 nomine
435 2041 578 2096 Anemam
586 2081 595 2113 ,
618 2057 707 2116 quem
721 2057 889 2117 supremam
903 2045 973 2116 post
987 2036 1137 2113 Curupam
1154 2042 1246 2114 pote-

147 2133 253 2184 statem
273 2123 408 2183 babuisse
428 2122 541 2182 scribit.
583 2123 625 2180 De
644 2123 821 2182 Caramwte
845 2131 944 2181 tamen
962 2121 1046 2190 nulls
1062 2117 1247 2178 ibimentiot

147 2209 309 2269 nonenim
333 2207 384 2268 hic
401 2209 593 2267 Caramuntea
616 2227 685 2266 cnm
707 2208 869 2268 Caramone
891 2227 908 2264 a
929 2205 1061 2264 Cedreno
1082 2203 1156 2265 ibid.
1179 2220 1247 2282 pag.

148 2293 220 2361 642.
241 2295 312 2354 item
326 2301 489 2353 memorato
507 2291 569 2350 ullo
587 2291 676 2351 modo
691 2301 735 2352 est
751 2289 996 2369 confundendus,
1018 2309 1110 2370 qaum
1121 2287 1149 2348 is
1162 2285 1249 2348 Tarsi

148 2377 288 2440 dominus
308 2388 339 2438 et
357 2379 477 2438 Amaras
495 2377 594 2436 luerit

184 2573 201 2648 t
231 2491 282 2554 37.
305 2480 552 2570 Προεοτρέπιξεν]
575 2483 730 2544 Cornelius
750 2483 828 2546 male
848 2481 970 2544 omnino
990 2479 1064 2561 legit
1083 2472 1250 2564 προκνῐρέ-

147 2593 181 2634 πι
202 2593 245 2640 εν.

234 2681 287 2744 39.
300 2669 440 2756 Πάντας]
454 2675 502 2736 Ex
516 2673 625 2735 Codice
638 2675 683 2736 sic
696 2673 882 2756 corrigimus,
897 2693 991 2756 quara
1000 2664 1110 2748 τούτοις
1122 2689 1185 2732 non
1196 2668 1252 2730 be-

148 2781 188 2822 ne
203 2763 284 2841 apud
305 2763 477 2820 Cornelium
493 2761 617 2838 legatur.

234 2867 284 2932 63.
304 2865 381 2947 Καῌ
405 2867 559 2927 Cornelius
573 2865 691 2927 Codicis
710 2865 802 2927 fidem
818 2887 881 2928 non
900 2871 1044 2945 sequutus
1065 2859 1166 2923 nescio
1189 2877 1250 2938 qus

149 2951 269 3013 ratione
287 2947 329 3024 οἷς
344 2951 480 3010 ediderit.

232 3057 284 3125 64.
306 3057 447 3139 Πατρῶν]
469 3059 626 3137 Perpersm
638 3053 775 3138 ποτέρων
789 3055 901 3134 legitur
915 3055 950 3114 in
965 3051 1096 3114 editione
1108 3046 1250 3130 Cornelii,

147 3153 254 3206 contra
271 3141 388 3202 codicis
406 3141 495 3201 fidem
517 3151 548 3202 et
562 3161 665 3200 versus
684 3161 860 3202 mensuram.

233 3251 286 3317 65·
303 3244 382 3328 Ἐνὶ]
410 3247 497 3308 Hanc
519 3267 582 3306 esse
601 3245 721 3306 Codicis
740 3247 900 3308 lectionem
921 3244 1053 3308 ridetur.
1095 3238 1254 3304 Cornelius

148 3335 220 3414 legit
235 3335 283 3411 ἐν,
305 3353 488 3413 versumque·
501 3333 571 3392 ideo
588 3331 802 3392 claudicantem
818 3331 922 3393 edidit.

233 3445 284 3508 60·
303 3434 444 3522 'InperftJ
467 3439 544 3501 Vide
565 3437 655 3520 sapra'
669 3437 707 3498 ad
721 3438 792 3501 her.
811 3440 850 3502 11.
862 3459 893 3499 v.
909 3441 983 3505 261.

233 3545 284 3612 64.
307 3547 381 3626 Καί]
404 3547 514 3606 Omisit
534 3545 615 3606 hanc
632 3547 812 3626 particulam
835 3543 1005 3615 Cornelius,
1035 3561 1111 3622 quae
1131 3539 1254 3622 quidem

148 3631 195 3776 irps
205 3629 313 3690 Codice
336 3631 408 3691 adeo
431 3642 477 3692 est
492 3631 638 3710 evanida,
661 3641 697 3692 ut
709 3633 758 3694 vel
770 3630 927 3712 diligenter
938 3627 1148 3710 inspicientem
1163 3625 1252 3688 lacile
1267 3637 1371 3764 ἐξω

149 3737 167 3778 e
193 3737 210 3776 u
231 3717 281 3777 iat.
738 3771 740 3778 ,
1344 3711 1359 3763 1

211 3737 284 3867 g69.
308 3795 388 3875 roto
412 3798 517 3880 ἔνδον]
548 3801 701 3861 Cretenses
725 3799 876 3879 intellige,
903 3797 956 3878 qui
980 3795 1135 3866 obsidione
1158 3795 1255 3856 iame-

149 3905 209 3967 que
223 3885 329 3945 alllicti
345 3885 376 3943 in
390 3885 464 3944 urbs
478 3893 562 3944 erant
578 3885 697 3962 inclusi,
710 3891 843 3966 quosque
859 3883 967 3944 Graeci
978 3883 1087 3942 milites
1099 3891 1167 3942 ante
1182 3901 1255 3963 por·
1281 3958 1284 3967 ¹

149 3980 196 4030 tas
212 3970 295 4030 urbis
309 3969 476 4047 adstantes,
497 3991 535 4029 ne
549 3971 773 4048 egrederentur,
795 3969 1003 4051 prohibebant.
1045 3968 1091 4028 lta
1106 3987 1175 4028 sane
1187 3987 1256 4026 ma-

150 4055 194 4136 gis
208 4056 321 4136 placet,
344 4075 432 4134 quam
446 4056 483 4114 de
498 4057 620 4114 Graecia
637 4057 675 4114 ob
687 4056 781 4134 frigus
794 4055 915 4115 domum
931 4051 1043 4115 reverti
1057 4051 1256 4132 cogitantibus

148 4141 183 4200 id
196 4139 397 4221 interpretari,
412 4139 496 4220 quod
512 4160 546 4200 ea
562 4140 722 4221 explicatio
735 4142 895 4200 obscurum
908 4139 998 4200 nimis
1011 4137 1172 4200 Theodosii
1185 4157 1253 4197 sen·
1311 4205 1314 4220 Ι

150 4245 218 4285 snm
236 4227 390 4302 redderet,
414 4245 451 4284 eo
471 4225 579 4304 magis,
600 4227 683 4305 quod
702 4225 889 4306 Nicephorus
908 4224 1124 4286 tumadtuantea
1142 4222 1254 4284 milites

150 4331 213 4372 non
228 4311 278 4390 vi,
299 4311 352 4372 sed
366 4309 467 4374 verbis
488 4319 519 4372 et
538 4308 798 4372 adhortationibus
811 4310 984 4372 detinuerit.
