2994 4796
397 375 441 442 ιιι
462 359 618 446 neonis
637 371 819 443 nucero
838 361 917 444 uu.
937 375 1008 446 vu.
1178 365 1252 442 εει

141 522 143 534 ’
159 533 319 598 Petronius
334 533 447 595 dieitur
461 529 578 616 ἄμητον
592 529 644 598 ris
657 526 885 616 ἀπροφάσιστον
904 525 962 596 οοίι
978 531 1022 606 είς
1038 529 1156 615 μαιιριίν
1168 534 1254 600 lole-

159 617 289 703 ξοίμενος
304 623 471 706 τῇκεφαλρῐ
478 665 487 696 ,
499 621 589 697 fore,
611 629 646 678 ut
657 621 723 678 eine
734 622 926 678 excusatione
937 629 1030 698 caprei
1042 620 1093 678 illi
1094 621 1183 696 ferro
1197 621 1253 682 de..

14 683 20 693 ·
124 735 127 746 =
159 717 300 767 ιιιιεοιαν.
343 705 419 766 llem
439 703 613 766 Plutarchus
632 705 676 764 De
697 705 777 764 adul.
799 713 829 765 et
844 703 934 764 enrici
954 703 1045 767 discr.
1062 709 1112 771 62.
1131 707 1162 768 C.
1178 704 1252 789 πρό.

158 801 260 873 tiones,⁸
281 790 315 854 ίν
330 795 405 853 πᾶσι
417 789 470 853 eol
488 784 730 874 ἀπροφάσιστος,
751 791 856 850 alacer
869 823 906 836 ·-
925 789 1039 870 absque
1053 790 1121 848 ulla
1134 811 1252 850 νοοιιοα.

84 917 89 928 ·
159 882 256 936 tione:
278 885 308 936 et
319 877 370 942 64.
383 876 418 935 Ε.
433 875 543 950 loreis
555 871 616 939 oni
628 869 727 956 μάλης
741 873 884 958 πράξεσιν
899 870 1138 956 οίπροφοίσιστος,
1160 877 1250 956 impi-
1298 913 1300 919 ι

155 985 212 1042 ger
230 959 275 1020 ad
292 959 483 1020 clandestina
498 971 526 1020 et
540 957 648 1038 foedo.
677 960 787 1020 Eadem
805 960 1020 1040 significatione
1037 959 1126 1020 hebet
1141 959 1252 1020 adrer-

157 1047 242 1106 bium
264 1049 294 1105 S.
307 1047 436 1106 Basilius
457 1046 492 1105 ln
514 1056 601 1112 mort.
614 1044 748 1105 lulittam
768 1047 791 1106 l.
806 1049 879 1113 370·
898 1046 934 1107 Β.
950 1039 1182 1126 οἶπροφασίστως
1195 1049 1252 1127 τῆς

159 1127 312 1212 εὐσεβείας
325 1127 516 1210 ἆνείχεσθαι,
538 1135 617 1190 eitra
624 1142 815 1210 praetextum
827 1151 951 1206 omnem,
972 1131 1072 1207 idest,
1096 1131 1250 1196 alacriter.
1290 1149 1301 1162 ⁶

159 1218 199 1278 Et
217 1217 348 1277 Isidorus
368 1217 515 1276 Pelusiota
534 1217 570 1278 V.
587 1216 673 1296 Epist
690 1238 763 1278 oux.
782 1238 811 1296 p.
827 1217 898 1282 147.
920 1217 952 1276 G.
970 1213 1055 1276 Philo
1078 1215 1120 1274 lle
1140 1215 1251 1277 Abreh.

160 1306 233 1372 29&
251 1303 285 1361 Ι).
301 1303 343 1362 De
358 1301 493 1363 sortituri.
505 1307 578 1368 271.
591 1302 626 1364 F.
641 1311 671 1361 et
684 1300 748 1384 (qui
762 1301 895 1362 Philonis
908 1301 1000 1362 verbs
1014 1297 1113 1380 iterat)
1134 1304 1163 1365 S.
1180 1301 1251 1360 Cle·

159 1407 243 1447 meos
256 1387 415 1449 hlexendr.
429 1389 569 1447 stromat.
582 1391 654 1454 396.
668 1387 703 1446 Δ.
745 1384 789 1466 3.)
809 1385 1029 1466 Significatione
1044 1397 1250 1464 cognatarum

159 1471 298 1552 proxime
309 1473 462 1553 superiore
473 1471 624 1531 interdum
637 1472 714 1532 verti
729 1482 826 1551 potest
838 1471 922 1549 celer,
933 1470 1064 1531 subitus.
1091 1471 1169 1548 Huc,
1186 1471 1250 1552 opi.

159 1576 235 1633 nor,
256 1558 406 1636 pertinent
419 1555 597 1629 Plutarchus
607 1557 749 1616 Mareellu
766 1557 838 1624 304.
857 1558 889 1617 G.
903 1553 1006 1639 φυγὴν
1020 1550 1254 1639 είπροφᾶσιστον

161 1647 284 1722 φυγεῖν·
296 1641 392 1719 foede
395 1645 524 1722 fregere,
545 1642 638 1705 vertit
649 1642 818 1722 Xylsnder:
840 1642 940 1701 malim
951 1641 1066 1718 subito,
1087 1643 1137 1702 vel
1148 1643 1250 1728 effisos.
1265 1649 1299 1705 P.
1314 1649 1367 1708 286

159 1727 298 1788 Nicolaus
316 1727 464 1788 Cabnsilas
480 1727 631 1804 Liturgise
645 1727 774 1807 exposit.
787 1727 839 1793 34.
852 1727 887 1786 A.
903 1723 1024 1808 ὅίίρτοζ
1040 1719 1129 1800 οὗτος
1140 1727 1251 1808 ἐπείγε-

84 1841 86 1846 ·
157 1833 207 1874 ται
231 1806 462 1894 α’προφασίσιως
484 1814 712 1893 μεταβληθῆναι
737 1813 780 1884 εἰς
807 1808 858 1876 τὸν
881 1807 1027 1892 ἀληθινὸν
1054 1808 1162 1892 ι’ίρτον,
1195 1808 1251 1875 τείν

69 1951 72 1958 ,
131 1947 138 1964 .
158 1895 398 1979 ἐσταυρωμένον,
420 1898 521 1958 subito
534 1899 652 1956 mutari
660 1899 803 1975 festinat.
844 1897 919 1964 Item
935 1899 1059 1957 sonasse
1071 1895 1256 1958 Heliodorus

159 1987 210 2049 96.
228 1983 260 2045 C.
274 1982 327 2042 ubi
343 1983 475 2043 Cueason
489 1983 522 2042 iu
535 1980 667 2062 hospitio
684 1981 897 2042 admirabiliter
918 2001 955 2042 ex
978 1981 1142 2062 improviso
1164 1999 1253 2042 scee-

158 2077 230 2145 ptus
244 2067 418 2146 interroget,
438 2088 511 2127 num
526 2068 560 2127 iu
569 2067 721 2126 domicilia
734 2067 814 2128 lovis
826 2065 990 2146 Hospitalis
1002 2068 1133 2128 venerit:
1156 2062 1252 2141 οὕτως

145 2147 384 2236 xelnporpriososor
411 2151 435 2235 ἡ
458 2153 624 2235 θεραπεία,
653 2161 721 2215 tam
740 2152 831 2210 celere
849 2173 910 2211 esse
931 2155 1144 2214 ministerium.
1185 2151 1251 2212 Nisi

14 2285 22 2300 .
112 2243 116 2248 '
158 2247 258 2296 tamen
271 2238 365 2297 meris
381 2247 497 2298 vertere
506 2247 676 2316 pronaum,
689 2231 851 2318 piretune.
879 2237 969 2318 Apud
983 2238 1020 2297 ll.
1038 2237 1180 2296 Antonin.
1195 2257 1251 2296 eu·

158 2331 220 2382 tem
241 2323 284 2384 lle
303 2323 402 2404 seipso
421 2327 470 2389 11.
487 2323 523 2383 l.
540 2319 696 2404 pepereris
714 2317 839 2402 οίιιίφως
859 2317 921 2403 ἅμα
941 2322 994 2386 sul
1013 2315 1252 2403 ιίπροφασίστως,

157 2427 264 2468 vereor
285 2417 322 2467 ut
341 2407 513 2468 Sohullsiua
534 2417 617 2468 recte
633 2407 759 2469 verterit
776 2410 841 2466 sine
856 2417 1030 2488 praetextu:
1060 2429 1129 2466 rrum
1150 2416 1195 2466 est
1207 2427 1251 2467 -ex

149 2503 258 2556 mente
276 2495 448 2554 Stoicorum
471 2493 716 2572 intelligendum,
742 2493 934 2574 simpliciter,
961 2496 1026 2552 aine
1048 2495 1251 2555 exornatione.

157 2580 226 2652 Qus
241 2577 278 2638 de
290 2599 323 2639 re
336 2579 475 2660 pluribus
488 2599 571 2657 egam
584 2578 618 2638 in
632 2579 812 2640 dictionario
825 2578 1032 2660 philosophiae
1045 2577 1252 2638 Aristotelicas
1270 2573 1273 2580 ’

157 2665 218 2722 iam
233 2661 364 2750 affecto&
379 2683 440 2744 quo
457 2665 601 2724 vocabula
620 2663 752 2724 oonsbor
767 2665 927 2746 complecti
940 2664 1046 2744 quihus
1061 2662 1252 2745 Peripatetici

158 2767 318 2826 eorumque
338 2768 536 2824 successores,
567 2749 619 2829 qui
640 2749 758 2828 quidem
774 2751 886 2810 Greeee
909 2750 1107 2831 scripserunt,
1137 2769 1252 2825 omnes,

159 2851 229 2890 cum
253 2833 327 2892 editi
352 2842 418 2892 turn
442 2834 563 2910 inediti,
591 2855 680 2894 sensu
700 2855 718 2894 e
741 2834 958 2913 significatione
981 2835 1101 2912 vulgari
1124 2835 1252 2894 obeunte

159 2915 208 2976 usi
230 2915 300 2980 sint.
344 2918 515 2978 Cuiusmodi
539 2919 736 2994 dictionario,
765 2939 858 3000 aeque
878 2940 915 2978 ee
935 2919 1077 2996 glossario
1099 2938 1210 2979 vocum
1231 2921 1280 2980 su
1347 2985 1352 3000 ¹

159 2999 329 3062 scholiastis
353 3004 473 3063 Graecis
495 3003 640 3085 peculiari
662 3023 751 3064 sensu
773 3013 999 3084 usurpatorum,
1022 3004 1059 3064 de
1080 3024 1140 3082 quo
1160 3022 1253 3084 supra

159 3087 225 3148 dixi
240 3091 310 3153 187.
326 3089 358 3151 G.
373 3089 411 3150 ed
426 3087 505 3148 hene
518 3090 599 3149 diem
615 3107 699 3168 egere
711 3089 825 3150 litteras
838 3099 956 3150 nostras
969 3089 1108 3150 arbitror.

152 3215 155 3222 .
243 3175 323 3254 Peg.
346 3179 417 3241 121.
439 3176 495 3234 lin.
516 3175 547 3241 6.
571 3169 613 3254 μὴ
633 3172 795 3256 περαιτέρω
812 3177 869 3237 τοῦ
887 3178 1014 3256 ψαλμοῦ
1032 3170 1156 3257 χωρεῖν]
1179 3170 1254 3233 luds

158 3257 323 3318 hauserunt
345 3261 490 3338 Scylltzes
505 3270 535 3319 et
547 3259 697 3320 cedrenus
711 3259 750 3321 ll.
766 3263 839 3326 670.
854 3260 888 3320 Β.

242 3346 322 3425 Peg.
344 3350 414 3412 122.
436 3345 493 3403 lin.
515 3351 545 3412 2·
565 3341 599 3408 ri
618 3348 680 3408 reio
701 3339 864 3428 Τυράννων
883 3337 1037 3428 ιιοίστρον]
1063 3343 1255 3424 Tyropeeurn

158 3437 290 3490 vocetur
311 3449 330 3488 a
350 3430 501 3509 Cedreno,
522 3438 589 3490 tum
608 3430 676 3490 loco
700 3449 789 3509 quem
809 3430 897 3502 attuli
910 3427 944 3488 iu
960 3428 1111 3509 margine,
1132 3437 1197 3488 tum
1215 3427 1253 3490 Π.
1341 3455 1348 3466 ’

244 3596 321 3661 ibid.
342 3599 398 3660 ίίιι.
418 3603 471 3667 23.
484 3595 571 3682 ”Apro
581 3603 638 3663 rori
651 3593 868 3680 αιίεοιιροίιορος
881 3595 1032 3678 Alorion]
1053 3598 1098 3658 lle
1112 3595 1170 3673 huo
1189 3597 1254 3658 ola-

159 3681 198 3742 de
216 3683 436 3761 Romanorum,
457 3705 534 3764 quae
558 3684 669 3746 accidit
690 3705 716 3744 a.
730 3689 809 3760 917,
831 3684 997 3763 Leonlsque
1017 3683 1133 3744 Phocoe
1155 3684 1255 3744 rebd-

158 3767 258 3846 lione‚
279 3769 350 3830 vide
366 3769 451 3830 Cedr.
466 3770 503 3834 ll.
519 3775 591 3837 613.
612 3771 647 3832 B.
667 3770 779 3848 stragi
794 3769 833 3828 ad
847 3771 958 3831 Boron.
974 3769 1024 3833 lll.
1041 3773 1112 3836 811.
1130 3770 1162 3830 C.

244 3857 326 3934 Pog-
348 3856 418 3920 124.
440 3857 494 3914 lin.
515 3863 567 3924 22·
587 3850 672 3919 Ἀλλᾶ
689 3859 783 3918 ταῦτα
797 3852 853 3937 μὲν
868 3849 975 3928 οὕτως.
1007 3857 1103 3940 &usqi
1116 3851 1170 3937 ol]
1193 3854 1256 3915 Iam

159 3935 193 3996 in
208 3957 260 3997 ors
276 3937 445 4020 suspicatus
453 3961 519 4000 suns
533 3940 725 4001 scribendum
739 3933 824 4003 Ἀλλολ
837 3933 900 4004 τότε
912 3937 968 4021 μίν
983 3942 1091 4026 Φωκᾴ·
1114 3949 1160 4000 est
1175 3939 1255 4000 euim

160 4019 193 4081 id
214 4016 281 4086 τότε
295 4023 422 4084 verbum
444 4025 568 4086 solenne
589 4025 700 4103 Ιιιοοί,
722 4047 739 4084 ο
759 4025 940 4106 digressione
960 4025 999 4086 sd
1023 4045 1088 4086 rem
1107 4023 1256 4088 οοᾶειιολῐ.

160 4107 259 4180 Quem
272 4127 377 4187 usum,
397 4120 434 4169 ut
447 4111 557 4188 multa,
579 4111 616 4171 ab
629 4110 754 4191 Agathie
770 4122 923 4172 mutuatus
940 4121 985 4172 est
1000 4111 1051 4178 62.
1064 4110 1098 4171 h
1117 4105 1191 4176 'All’
1206 4101 1259 4174 ol·

159 4215 212 4268 τος
228 4189 282 4272 μὲν
295 4227 335 4240 -
348 4189 415 4258 τότε
428 4193 461 4258 «ll
474 4196 525 4258 sol
538 4197 571 4261 ίν
587 4201 625 4284 τῇ
640 4193 751 4284 μεγάλῃ
765 4193 985 4284 Ἀλεξανδρείᾳ·
1007 4198 1080 4258 item
1096 4202 1148 4267 66.
1159 4198 1193 4260 Β.
1205 4197 1257 4262 73.
1388 4223 1394 4236 ’

160 4278 196 4340 Β.
218 4282 268 4346 80.
284 4277 318 4343 l).
335 4285 385 4348 97.
402 4281 436 4342 l).
457 4281 527 4349 145.
546 4284 583 4344 D.

247 4369 329 4446 Pag-
352 4367 423 4434 125.
444 4367 501 4433 lio.
523 4370 554 4435 8.
582 4364 620 4432 rel
648 4363 913 4453 περιστοιρήσανια
933 4370 1043 4434 τοῦτον
1071 4364 1178 4448 δεινοί]
1210 4361 1262 4424 Sic
