3038 4796
452 369 512 436 AD
532 366 820 440 NICEPHORUM
840 366 1034 442 PHOCAM.
1215 357 1290 432 849

195 539 277 603 tum,
296 527 357 590 boc
378 536 423 588 est
442 547 481 588 ex
498 527 643 590 adulterio
664 540 768 590 natum
787 527 1025 610 chronographia
1043 527 1176 592 innotuit
1182 551 1192 610 3
1220 548 1291 613 asy-

195 633 319 712 lumque
331 631 387 690 sibi
401 633 520 712 secisse,
545 633 580 692 in
592 651 653 713 quo
668 631 756 690 alieni
770 631 845 690 aeria
861 630 1027 708 debitores,
1049 633 1204 712 fugitivos,
1225 654 1292 695 ser-

195 752 267 810 vos,
295 733 479 818 homicides,
509 755 544 794 ac
570 753 628 817 pro
654 731 786 796 restibus
809 731 872 792 suis
896 743 993 793 morte
1020 732 1125 813 dignos
1152 737 1291 817 suscepit,

196 835 476 915 multitudinemque
498 835 657 916 quamdam
677 835 783 894 talium
805 833 861 892 sibi
883 834 1026 911 adscivit,
1049 855 1124 915 quos
1143 836 1294 900 Romanos

197 937 374 1020 appellavits
395 959 434 998 ex
446 959 502 1018 qua
512 937 668 998 nobilitate
683 935 838 1016 propagati
845 945 917 996 sunt
925 937 994 1018 ipsi,
1014 940 1293 1020 quosvosKosmo-

197 1050 343 1117 crateres,
369 1039 402 1099 id
425 1050 469 1100 est
490 1039 686 1121 Imperatores
710 1037 883 1120 appellatis,
912 1059 987 1118 quos
1008 1061 1082 1120 nos,
1102 1040 1293 1120 Longobardi

197 1142 320 1218 seilicet,
344 1130 484 1217 Sarcinas,
505 1142 621 1219 Franci,
644 1141 832 1220 Lothnringi‚
854 1140 998 1219 Baioarii,
1020 1142 1127 1221 Suevi,
1148 1143 1319 1219 burgen-c

197 1243 303 1304 diones
315 1252 402 1304 tanto
415 1244 621 1323 dedignamur,
641 1253 678 1303 ut
691 1243 831 1303 inimicos
842 1251 964 1302 nostros
979 1243 1129 1320 commoti,
1149 1243 1196 1303 nil
1209 1241 1294 1304 aliud

196 1345 461 1424 contumeliarum,
482 1345 559 1423 nisi,
580 1347 729 1424 Romane,
751 1345 902 1406 dicamus:
922 1343 983 1404 boo
998 1346 1062 1406 solo
1076 1345 1167 1406 idest
1181 1346 1294 1405 Roma·

197 1467 306 1508 norum
338 1449 458 1508 nomine
469 1490 478 1526 ‚
517 1447 664 1528 quidquid
690 1445 902 1526 ignobilitatis,
939 1445 1084 1527 quidquid
1111 1445 1292 1522 timiditatis,

196 1549 344 1630 quidquid
363 1549 520 1627 avaritiae,
544 1547 691 1630 quidquid
705 1547 860 1622 luxuriae,
883 1547 1030 1628 quidquid
1048 1549 1215 1627 mendacii,
1235 1549 1294 1610 im-

195 1674 244 1714 mo
259 1651 402 1732 quidquid
416 1653 560 1714 vitiorum
574 1661 634 1728 est,
655 1637 949 1729 comprehendentes.
992 1649 1127 1712 Imbelles
1142 1671 1214 1712 vero
1225 1673 1292 1730 nos,

194 1765 226 1818 et
240 1754 395 1836 equitandi
413 1754 523 1814 inscios
544 1753 613 1833 quia
636 1753 712 1813 dicis
729 1751 755 1811 ai
770 1749 1005 1832 Christianorum
1026 1763 1150 1833 peccata
1168 1774 1292 1836 prome·
1401 1785 1407 1797 ·

194 1868 316 1935 rentur,
337 1867 374 1918 ut
385 1858 419 1918 in
431 1856 488 1917 bac
502 1857 673 1918 austeritate
686 1853 847 1936 perdures,
872 1853 974 1933 quales
987 1875 1042 1914 voa
1054 1855 1142 1933 estis,
1164 1877 1292 1936 quamve
1342 1851 1349 1874 ⁸

194 1979 345 2042 pugnaces
355 1980 410 2020 nos
426 1961 536 2038 simus,
557 1960 633 2020 bella
646 1957 784 2040 proxima
800 1955 1054 2019 demonstrabunt.
1096 1959 1218 2019 Talibus
1233 1959 1291 2018 Ni-

196 2062 344 2144 cephorus
362 2063 556 2122 exacerbatus
580 2061 686 2139 dictis,
707 2081 798 2121 mauu
817 2059 970 2119 silentium
993 2059 1121 2136 indixit,
1141 2079 1290 2120 mensam-

195 2183 253 2245 que
260 2164 324 2224 sins
331 2163 491 2226 latitudine
506 2165 625 2244 longam
635 2161 758 2239 suferri,
782 2180 888 2240 meque
901 2161 934 2220 in
948 2161 1076 2223 invisam
1093 2162 1224 2239 domum,
1238 2181 1292 2223 seu

197 2276 232 2328 ut
250 2266 350 2328 verius
372 2267 481 2345 fatear,
503 2287 652 2327 carcerem
670 2261 781 2326 reverti
801 2263 962 2345 praecepit.
1004 2265 1063 2324 llbi
1077 2271 1146 2344 post
1163 2263 1291 2324 biduum

197 2389 264 2428 cum
278 2366 501 2446 indignatione,
521 2378 587 2428 tum
605 2375 706 2443 aestu,
728 2373 759 2425 et
780 2363 847 2441 siti,
867 2385 975 2444 magno
994 2387 1060 2427 sum
1078 2366 1221 2444 languora
1240 2367 1321 2432 sf-n

195 2472 310 2547 demus,
331 2469 384 2530 sed
401 2477 432 2530 et
451 2471 631 2531 ameclarum
644 2489 782 2530 meorum
800 2487 888 2528 nemo
903 2467 1017 2547 extitit,
1040 2469 1093 2548 qui
1108 2489 1171 2528 non
1188 2467 1293 2529 eodem

194 2572 329 2633 ebriatus
345 2571 474 2652 poculo,
497 2572 576 2635 diem
598 2571 654 2634 sibi
674 2571 813 2631 ultimum
827 2570 983 2632 imminere
1000 2571 1186 2634 formidaret.
1230 2572 1293 2640 Gur

196 2694 305 2754 quaeso
321 2693 384 2733 non
398 2681 601 2753 aegrotarent,
622 2672 731 2754 quibus
747 2681 810 2733 erat
828 2682 921 2754 potus
934 2693 992 2756 pro
1011 2675 1125 2756 optimo
1138 2675 1213 2734 vino
1230 2674 1292 2734 ssl-

196 2795 287 2856 sugo;
314 2795 371 2857 pro
400 2773 543 2854 mdoitrs,
573 2795 638 2836 non
666 2775 809 2852 foenum,
836 2795 899 2836 nou
923 2786 1071 2856 stramm,
1098 2797 1162 2838 non
1188 2777 1293 2838 saltem

195 2885 294 2956 terre,
314 2877 367 2938 sed
386 2877 498 2938 durum
516 2897 661 2956 marmor,
682 2897 739 2959 pro
764 2877 905 2940 cervicali
923 2879 1025 2959 lapis?
1057 2879 1163 2960 quibus
1185 2879 1291 2960 patula

195 2980 318 3057 domus,
346 2999 409 3040 nou
429 2980 578 3056 calorem,
598 2999 661 3040 non
682 2979 823 3058 imbrem,
850 2999 913 3038 non
930 2979 1024 3059 frigus
1047 2981 1175 3045 arcebat.
1222 2981 1291 3063 lpas

195 3083 222 3143 si
243 3081 334 3144 vellet
355 3081 436 3142 salus
459 3079 507 3141 his
525 3081 721 3160 circumfusa,
741 3092 778 3144 ut
795 3081 886 3160 vulgo
907 3079 1081 3161 loquimur,
1103 3103 1153 3144 eos
1173 3083 1291 3144 salvare

194 3204 257 3245 non
282 3191 391 3264 posset.
440 3181 566 3264 Proprie
590 3203 676 3264 ergo,
705 3193 795 3266 etque
815 3201 951 3243 sueorum
977 3182 1149 3244 debilitatus
1170 3203 1289 3263 angore,

196 3293 362 3348 convocato
376 3283 415 3344 sd
430 3305 478 3346 me
492 3285 631 3364 custode,
650 3287 743 3348 immo
763 3293 954 3368 persecutore
969 3303 1053 3362 meo,
1074 3305 1136 3346 non
1151 3285 1290 3367 precibus

195 3389 304 3464 solum,
324 3386 377 3446 sed
390 3386 487 3468 pretio
500 3386 631 3464 obtinui,
653 3397 689 3450 ut
700 3389 854 3470 epistolam
867 3407 963 3448 meam
974 3385 1059 3447 buno
1072 3387 1193 3448 modurn
1209 3407 1283 3448 con·
1291 3405 1318 3460 [ς

194 3491 341 3556 tinentem
360 3487 522 3570 Nicephori
542 3489 628 3550 traua·
646 3489 785 3553 deferret.
826 3489 920 3552 Leoni
943 3488 1111 3572 Goroplsti,
1139 3498 1170 3549 et
1189 3491 1290 3569 Lego-

195 3592 294 3654 thetsa
310 3595 367 3657 rosi
385 3586 499 3675 δρόμου
516 3591 718 3674 Luitprandus
739 3592 921 3676 Episcopus.
960 3591 994 3653 si
1014 3591 1180 3673 Imperator
1199 3593 1291 3653 sera·-

194 3697 335 3758 nissimus
355 3695 548 3776 petitionem,
570 3693 608 3755 ob
625 3717 716 3777 quam
729 3698 811 3774 veui,
828 3694 972 3779 perficere
993 3695 1122 3775 cogitat,
1143 3713 1206 3754 non
1219 3693 1291 3753 isti-

194 3808 266 3878 gant
285 3817 349 3874 me,
372 3817 445 3877 quas
465 3795 517 3856 hic
536 3797 686 3878 sustineo,
708 3801 880 3884 passiones:
902 3796 997 3858 literis
1013 3795 1201 3858 solummodo
1216 3795 1290 3860 mats

192 3909 225 3961 st
243 3900 373 3975 nuncio,
394 3907 430 3959 ut
448 3897 616 3960 instruatur
636 3901 779 3964 Dominus
803 3921 901 3979 meus,
923 3919 971 3960 me
985 3889 1045 3987 'bic
1062 3917 1177 3960 morsm
1197 3896 1234 3956 ab
1254 3916 1291 3960 rs

192 4001 377 4063 nonfacere.
421 3999 511 4074 Quod
528 3999 555 4060 ai
576 4021 661 4063 secus
682 4024 731 4065 res
746 4023 810 4064 sese
821 4001 928 4078 babet,
948 4001 1034 4063 navis
1051 4010 1081 4062 et
1097 4000 1149 4062 bic
1163 3999 1292 4063 Veneti·

194 4121 315 4179 corum,
337 4102 531 4184 onmamsque
553 4104 706 4183 proficisci
728 4105 868 4179 festinat,
888 4099 969 4164 bsuo
989 4122 1037 4163 me
1060 4111 1213 4182 aegrotum
1235 4102 1292 4161 inr-

191 4203 276 4282 gredi
297 4203 393 4284 sinat,
414 4205 490 4265 utsi
512 4203 715 4268 dissolutionis
733 4225 816 4267 mese
836 4215 954 4287 tempus
969 4203 1140 4284 advenerit,
1163 4204 1290 4266 cadaver
1306 4217 1399 4278 cm

191 4324 291 4367 meum
311 4307 439 4388 genitale
457 4307 563 4370 saltem
584 4307 683 4372 solum
701 4305 854 4392 amcipist.
905 4306 987 4384 Quo
1008 4327 1077 4369 cum
1094 4307 1228 4387 legisset,
1256 4323 1289 4366 se
