2994 4796
284 359 359 436 484
557 381 560 388 ’
630 369 667 436 C.
688 371 723 438 Β.
748 367 862 436 HASII
881 369 1036 437 NOTAE

365 526 443 591 Ibat.
467 529 522 590 ίίιι.
547 531 596 595 19.
617 523 693 610 πρὸς
710 523 767 609 τὴν
785 525 949 611 λεγομένην
974 517 1165 608 Καλόνυμον
1187 525 1300 610 νῆσον]
1330 529 1394 590 Ce-

231 618 236 630 '
281 616 393 678 dream
406 614 442 673 ίί.
458 618 529 681 678.
545 615 580 672 Α.
596 613 629 672 in
646 615 753 673 Proten
768 615 898 672 insulam
913 614 964 676 ait.
1124 631 1127 639 ’

371 697 449 760 Ibid.
470 695 536 756 ead.
559 699 615 760 lin.
637 698 848 778 περιορίζουσι]
871 699 955 782 Vetti
971 695 1146 777 deportant:
1167 695 1271 760 nami
1283 714 1395 778 περιο-

258 781 390 868 (λρισμὸς
402 783 564 862 respondet
579 781 782 862 deportationi
800 784 991 860 Litinorum,
1019 802 1095 860 quae
1109 782 1172 863 ipsa
1191 801 1259 840 oum
1278 782 1394 868 abnex-

287 872 341 930 ilio
355 879 420 929 tum
434 890 449 926 a
462 868 641 946 relegatione
653 869 762 928 diter-t.
794 869 869 928 Vide
882 867 1058 928 Michailetn
1072 866 1244 926 Attaliatam
1258 869 1392 947 Synops.

287 955 367 1015 Iuris
386 956 575 1013 Graecorum.
595 953 632 1012 li.
648 953 678 1019 4.
699 955 732 1012 ί).
760 953 856 1012 Multo
876 953 1023 1032 graviter,
1045 960 1079 1023 ut
1098 950 1157 1010 hoc
1178 960 1262 1029 utar,
1285 953 1393 1032 lapsus

285 1050 331 1100 est
350 1040 498 1118 interpres
519 1038 665 1096 Simeonis
686 1037 899 1117 Metaphrastae
919 1039 988 1096 Vita
1009 1039 1038 1096 S.
1059 1035 1214 1096 Athanasii
1235 1037 1259 1095 Ι.
1284 1037 1335 1118 clj.
1356 1039 1392 1096 B.

285 1125 337 1188 καί
350 1117 457 1186 τοῦτον
480 1121 645 1201 [Meletium
660 1122 803 1203 episcop]
825 1123 856 1186 οί
873 1127 929 1202 τῆς
950 1117 1064 1202 Ἀρείου
1088 1119 1228 1200 αίρίσευς
1250 1123 1393 1205 περιορί-

287 1213 370 1284 ζουσι
377 1255 386 1284 ,
425 1207 570 1284 reddens,
607 1208 698 1266 illam
725 1211 816 1266 etiam
842 1207 987 1266 haeretici
1012 1207 1132 1265 Ariani
1160 1209 1392 1268 circumvenere.

286 1291 488 1368 vertendum,
517 1289 724 1370 deportatione
746 1291 959 1351 damnandum
980 1301 1111 1349 curant:
1141 1311 1209 1348 nam
1233 1292 1392 1350 Meletium

288 1376 465 1438 Antiochiae
481 1377 651 1457 episcopum
669 1378 860 1457 deportatum
879 1378 971 1438 fuisse
989 1375 1169 1435 instantibus
1191 1375 1311 1436 Arianis
1333 1377 1393 1437 di·-

287 1463 397 1522 scimus
409 1481 447 1520 ex
468 1481 617 1542 anonymo
638 1463 785 1542 scriptore
807 1463 891 1524 Vitae
906 1465 936 1522 S.
952 1460 1109 1522 Athanasii
1131 1462 1279 1522 cxx11.C.
1300 1471 1391 1521 etex

287 1545 386 1608 Photii
401 1546 541 1606 Bibliotb.
559 1547 649 1613 1446.
664 1549 699 1608 Δ.
1111 1583 1115 1598 ·

373 1633 454 1711 Pag·
478 1631 549 1696 148.
575 1633 631 1693 lin.
655 1637 704 1698 13.
732 1627 894 1716 ἐτύγχανον
917 1627 975 1714 γόρ
1004 1626 1179 1713 κατακόρως
1201 1623 1393 1709 ἆληλιμγιίνα

289 1715 400 1800 χρυσῷ]
431 1716 519 1774 Dicas
536 1717 607 1776 inde
625 1718 801 1778 Cinnamum
821 1719 852 1776 in
871 1717 1002 1776 Historia
1023 1717 1162 1776 sumsisse
1185 1717 1393 1775 dearmatum

289 1803 410 1862 Ioannis
426 1801 569 1860 Gomneni
586 1805 637 1868 63.
654 1804 688 1862 Δ.
704 1807 804 1887 χρυσῷ
816 1799 874 1886 γόιρ
889 1796 1061 1882 κατακόρως
1079 1795 1220 1880 α’λήλιιττο
1238 1803 1334 1861 πᾶσα.

251 1887 255 1896 ’
375 1883 452 1945 Ibid·
474 1885 529 1945 lin·
554 1889 603 1952 18.
630 1884 906 1971 κρεουργήσαντες]
938 1887 1029 1960 Quod
1048 1887 1147 1966 ipsum
1169 1883 1294 1944 verbum
1315 1883 1392 1946 iuda

291 1979 445 2030 mutuatus
462 1980 508 2029 est
523 1971 673 2031 Cedrenus
689 1973 721 2031 in
737 1972 910 2031 narratione
925 1972 1056 2031 eiusdem
1070 1972 1115 2031 rei
1132 1971 1169 2030 11.
1189 1973 1261 2035 678.
1278 1969 1311 2029 C.

374 2058 453 2136 Pag·
477 2055 546 2122 149.
569 2049 624 2116 lin·
646 2057 675 2124 6·
696 2057 817 2120 καὶτοῦ
838 2059 899 2118 τοῖν
915 2061 1045 2138 Κρητοῖν
1060 2052 1129 2128 υἱός
1147 2050 1289 2137 οἶργηγοῦ]
1312 2054 1393 2116 Inda
1480 2101 1481 2106 1

262 2141 414 2200 tremenda
439 2141 562 2204 esdron.
581 2142 618 2201 ΙΙ.
638 2147 708 2209 678.
731 2143 766 2202 ί).
786 2137 927 2222 λευρᾶς,
951 2140 1046 2204 σιῶν
1071 2143 1199 2221 Κρητῶν
1216 2143 1271 2200 τοῦ
1293 2141 1392 2219 βασι-
1480 2163 1481 2192 1

287 2227 369 2288 λείου
390 2223 454 2299 υίός
467 2230 648 2308 Κουρουιιοῖ·
671 2227 831 2306 Xylandro
849 2227 880 2284 in
902 2225 1039 2286 versione
1053 2225 1192 2285 similiter
1203 2225 1306 2304 lapso,
1330 2247 1392 2284 nec
1480 2267 1481 2272 κ

289 2311 557 2386 animadvertente,
579 2312 724 2392 βασιλέως
739 2311 930 2372 scribendum
945 2331 1017 2370 esse.
1061 2311 1191 2389 Scylitsa
1210 2329 1265 2370 ms.
1284 2311 1331 2391 (in
1353 2312 1392 2370 iis

289 2405 368 2454 certe
385 2395 479 2458 Codd.
500 2415 575 2473 quos
596 2397 732 2476 inspexi:
754 2419 822 2456 narn
839 2397 930 2456 Goari
945 2397 1125 2477 exemplaria
1145 2395 1287 2456 videntur
1302 2395 1392 2455 aliud

288 2479 363 2558 quid
376 2479 525 2562 habuisse)
541 2482 628 2541 item:
650 2477 793 2560 Ἀναιμᾶς
810 2481 899 2561 [sic],
921 2479 1008 2544 isoio
1024 2485 1136 2564 Κρητοῖ
1139 2505 1154 2542 ν
1167 2484 1225 2542 τοῦ
1240 2479 1393 2560 βασιλέως

287 2559 357 2636 υἱός
376 2567 551 2643 Κουρουιτοῖ.
593 2567 753 2644 Sequentia
767 2568 803 2625 de
818 2567 979 2625 certamine
1000 2565 1141 2644 singulari
1157 2565 1236 2624 inter
1250 2566 1392 2626 Anemaa

287 2655 318 2706 et
333 2647 478 2706 [amorem
500 2669 593 2728 paene
612 2649 789 2711 adverbum
805 2671 843 2711 ex
858 2653 957 2712 Leone
980 2651 1141 2732 exscripsit
1160 2651 1322 2731 Scylitzes,
1351 2671 1392 2710 ex
1456 2657 1479 2710 ff

286 2733 417 2812 Scylitza
435 2734 595 2798 Cedrenus.

372 2815 451 2877 ibid·
473 2819 527 2880 lin·
549 2825 599 2886 20.
619 2820 777 2904 πλείστους
795 2825 856 2884 τόν
872 2815 1067 2903 αίγμαλαίτοιν
1090 2854 1128 2868 -
1151 2814 1391 2899 ἕναττοσφόξιεν-

286 2901 346 2982 τες]
370 2903 459 2982 Δρυιί
474 2903 637 2983 Bulgsros,
659 2907 757 2966 Leone
778 2907 918 2967 Armonio
939 2908 1123 2987 imperante,
1145 2905 1253 2965 similia
1268 2926 1390 2966 memo-

285 2997 335 3139 ἑοῖ
360 2987 507 3131 sppriiieia
528 2990 703 3073 Anonymus
730 2993 850 3055 Narrat.
873 2991 1092 3074 chronograph.
1116 3001 1187 3074 post
1209 2989 1390 3073 Theophra.

326 3179 329 3186 ⁴
372 3157 450 3220 lbid·
472 3161 527 3223 lin·
549 3161 600 3228 24.
618 3159 804 3241 Ἑλληνικοῖς
824 3155 940 3245 όργίοις
957 3159 1105 3244 κατόχους
1122 3157 1222 3240 ὄντας]
1246 3158 1293 3220 Ad
1309 3159 1390 3222 haec

286 3241 450 3304 Russorum
470 3265 570 3322 sacra,
592 3246 627 3306 ab
645 3247 788 3326 religione
803 3246 970 3307 Christiana
992 3248 1104 3324 aliena,
1127 3245 1276 3327 pertinere
1297 3247 1391 3307 vide-

286 3335 337 3386 tur
353 3329 510 3388 exordium
526 3330 603 3390 illud
623 3332 805 3392 narrationis
820 3353 873 3392 ms.
888 3327 1112 3415 όνειιιγρόφου,
1135 3351 1223 3412 quam
1236 3331 1338 3410 reperi
1354 3333 1390 3392 in

287 3411 398 3472 codice
416 3415 526 3474 saeculi
548 3415 715 3476 undecimi:
741 3413 792 3479 Ἐν
811 3425 876 3492 ταῖς
892 3417 1019 3502 ἡμέραις
1029 3416 1162 3490 Λέοντος
1179 3416 1231 3478 καί
1247 3411 1389 3492 Ἀλεξάν-

287 3495 362 3576 δρου
384 3503 446 3561 τοῖν
467 3499 614 3579 βασιλέων
634 3498 735 3584 ὄρχων
757 3525 801 3578 τις
823 3502 856 3566 ἐν
880 3496 1106 3586 Πελοποννήσῳ
1128 3495 1258 3584 η’γόριισε
1277 3503 1388 3580 παῖδα,

286 3575 417 3662 Σκύθην
427 3587 468 3668 τῷ
482 3584 574 3665 γίνει·
596 3585 647 3648 καί
662 3591 770 3649 τοῦτον
783 3586 937 3668 παρέδωκε
950 3591 994 3650 roi
1006 3587 1194 3670 πρεσβυτέρῳ
1209 3589 1252 3669 τῷ
1267 3585 1388 3670 ίερουρ-

161 3749 185 3804 .
217 3745 271 3809 ..

186 3789 194 3804 ·
623 3781 642 3816 α
690 3781 752 3820 ατα.
815 3799 829 3817 e
953 3781 990 3819 αν
1016 3781 1053 3818 αν
1141 3781 1195 3818 παι

284 3834 405 3915 πηρὲτει
415 3841 459 3897 sai
472 3779 708 3924 npsofiviippiiv
720 3847 784 3914 ταῖς
795 3781 907 3922 χρξίαις
920 3783 1023 3905 όίῖτοό.
1056 3841 1118 3904 Καί
1132 3781 1293 3922 γενόῑόενον
1305 3840 1389 3904 ἐτοῖν

284 3913 402 3982 δώδεκα
422 3901 579 4002 νίρότησεν
600 3921 691 3989 asiais
712 3926 731 3990 si
749 3922 853 4004 κύριος
878 3921 987 4002 αότοῦ,
1017 3926 1045 3988 εί
1061 3927 1237 4008 Χριστιανοί
1257 3925 1337 3987 εἰσιν
1355 3927 1389 3989 oi

172 4063 176 4080 ,
283 3999 425 4081 Σκύθαι,
455 3999 531 4069 ὅθεν
555 4003 686 4092 εόρμητο.
728 4010 761 4073 ‘0
782 4008 814 4072 ot
834 4005 1002 4094 αἰτεκρίθη,
1032 4007 1089 4074 osis
1112 4011 1169 4074 είσι
1192 4010 1385 4089 Χριστιανοὶ,

282 4085 351 4164 καί.
373 4089 416 4164 ⁰55
434 4093 561 4172 νομίζω,
583 4093 634 4156 καί
657 4092 714 4175 ἐγώ
732 4090 914 4176 όβοίιττιστός
933 4097 1003 4177 είμι.
1045 4095 1111 4155 Hoc
1130 4105 1191 4155 est:
1217 4097 1255 4155 Ιιι
1273 4093 1387 4154 diebus

279 4173 394 4232 Leonis
415 4185 443 4231 et
462 4177 638 4240 ‚Alexandri
661 4181 757 4260 Impp.
778 4181 879 4256 (anno
903 4185 965 4248 886
984 4213 1027 4228 -
1046 4183 1139 4259 911.)
1158 4183 1333 4260 praefectus
1349 4183 1386 4240 ιἰε

242 4259 245 4269 “
279 4257 483 4336 Peloponneso
499 4266 568 4320 emit
581 4285 715 4340 serrum,
737 4267 881 4344 Scytham
895 4269 1033 4325 notione:
1055 4267 1138 4324 ίιιιιιο
1151 4265 1284 4324 tradidit
1293 4287 1385 4344 pres-

278 4339 398 4420 bytero,
419 4346 453 4402 ιἰι
472 4351 606 4406 oratorio
625 4349 749 4409 aedium
764 4371 895 4411 auarum
911 4373 1003 4412 sacra
1014 4354 1170 4432 sociasti,
1191 4361 1227 4408 ιιι
1244 4349 1384 4410 maduca
