2994 4796
397 413 444 484 IN
464 409 620 484 LEONIS
642 411 825 486 DIACONI
845 411 924 481 LIB.
949 411 992 482 X.
1167 405 1243 484 499

146 577 191 633 cie
207 567 420 647 considebant,
441 591 479 630 ac
492 592 527 632 ae
528 571 576 628 bet
589 591 680 648 super
691 572 834 630 oneraria
843 591 920 630 naue
914 567 1128 632 '.oebebantur
1150 573 1244 636 Aliae

145 661 252 720 lintres
274 658 326 716 ael
338 656 559 715 hauriebantur
568 655 740 736 fluctibus:
762 666 828 715 tom
846 659 992 734 infestum
1011 666 1126 717 tuncse
1142 658 1245 720 decla·

144 743 237 802 rabat
250 744 423 822 Danapris.
462 744 528 800 Nos
544 762 614 800 vero
629 743 674 800 ibi
689 763 778 821 aegre
794 741 911 822 diuque
927 744 1176 822 exspectavimus,
1190 768 1244 804 oe·-
1282 779 1285 786 ·

143 829 194 890 lut
209 838 413 886 succensentes
418 827 567 906 flumem,
590 825 674 906 quod
685 849 745 884 non
761 838 835 884 esset
851 828 1035 908 glaciatum.
1078 828 1141 887 Nec
1161 831 1247 888 mul-

144 916 187 974 tis
217 911 325 971 diebus
339 923 411 991 post
431 924 497 970 erat
523 933 607 991 aqua
629 922 696 970 tum
717 911 851 992 undique
871 913 944 993 gelu
969 914 1150 991 constricta,
1178 924 1246 974 tum

145 998 311 1077 mirificet
281 997 397 1077 firma:
421 1008 457 1054 ut
469 996 589 1077 pedites
611 1001 783 1096 equitesque
797 995 945 1077 intrepide
954 1018 1012 1076 per
1016 998 1167 1078 fluxum
1160 1019 1246 1058 com·

146 1093 295 1160 mearent,
318 1085 543 1180 certaminaque
556 1093 706 1162 tanquam
719 1085 753 1139 in
767 1085 883 1162 campis
896 1093 1015 1142 strenue
1028 1081 1154 1145 ederent.
1193 1081 1246 1145 Ita

147 1171 240 1251 quasi
262 1169 532 1246 praestigiatorem
563 1169 696 1248 aliquem
723 1189 755 1225 se
775 1170 940 1248 Danapris
955 1159 1163 1245 praebebat,
1151 1171 1246 1247 prius

150 1254 292 1313 uiolenter
315 1273 353 1310 ac
373 1273 462 1310 saeve
481 1254 596 1328 elatus,
619 1264 647 1310 et
661 1274 758 1332 prope
772 1251 876 1310 dicam
888 1253 1105 1332 aspicientibus
1121 1256 1246 1314 univer·-

148 1341 193 1398 sis
206 1347 346 1396 terrorem
361 1339 517 1400 iniiciens:
539 1342 710 1418 mirumque
726 1335 850 1396 eundem
864 1338 948 1397 breui
967 1349 1097 1418 ternpore
1109 1338 1246 1398 submis-

149 1425 425 1502 sumfractumque
438 1423 513 1482 adeo
527 1421 634 1502 videri,
657 1433 693 1480 ut
705 1421 868 1481 illuderent
882 1435 910 1483 et
924 1425 1135 1482 conculcarent
1146 1445 1247 1484 omnes

147 1511 242 1590 quasi
263 1507 492 1567 subterraneum
502 1511 644 1586 factum,
667 1519 694 1565 et
713 1512 745 1566 in
764 1508 930 1567 latibulum
946 1507 1080 1588 aliquod
1096 1531 1117 1568 a
1131 1531 1163 1572 se
1177 1512 1244 1588 ipso

147 1591 370 1655 absconditum.
416 1595 521 1674 Neque
541 1597 619 1651 euim
642 1603 761 1652 tontum
781 1614 882 1672 aquas
897 1605 1056 1653 manantes
1076 1594 1246 1672 referebant

137 1679 278 1761 fluenta,
302 1691 452 1758 quantum
469 1687 582 1736 montes
585 1699 728 1761 asperos
755 1689 782 1735 et
794 1689 933 1756 petrosos
955 1677 1157 1737 ostendebant.
1198 1681 1244 1740 Et

145 1765 250 1824 subter
254 1765 404 1864 fluens
392 1785 483 1844 equor
498 1785 636 1843 quanam
652 1767 685 1821 in
699 1785 730 1821 re
743 1783 844 1842 aquae
858 1765 907 1822 uel
917 1784 981 1842 par
994 1764 1044 1822 ael
1056 1765 1169 1826 similis
1178 1785 1243 1844 po·

146 1860 226 1909 terat
239 1835 361 1908 uideri?
404 1847 466 1931 (ΙΙ.)
488 1850 540 1909 Ita
553 1851 706 1907 moestitia
723 1851 861 1907 nostra
849 1871 881 1908 en
896 1848 1086 1907 bilaritatem
1099 1870 1245 1912 conversa

146 1947 207 1999 est.-
237 1935 397 2014 complosis
415 1936 559 1994 monibus
574 1937 712 2014 proxime
732 1937 931 2010 accessimus,
948 1955 1006 2014 per
1028 1955 1139 2015 aequor
1158 1939 1248 2016 equi·-

147 2031 254 2080 tantes.
305 2021 499 2100 Transgressi
519 2020 604 2078 nullo
622 2021 739 2099 negotio
757 2039 826 2076 cum
841 2022 876 2076 in
892 2021 995 2078 vicum
1008 2022 1126 2078 Borion
1146 2023 1246 2080 venes·

147 2127 264 2184 semus,
287 2103 332 2163 od
348 2125 458 2183 corpus
472 2103 666 2185 reficiendum
684 2107 880 2183 iumentaque
895 2102 1035 2164 curanda
1051 2125 1107 2163 nos
1121 2125 1248 2165 conaer-

149 2194 261 2270 timus,
285 2211 364 2272 quae
381 2193 451 2269 ipsa
467 2213 500 2248 en
510 2193 623 2248 maiori
632 2201 724 2268 parte
738 2199 794 2248 aut
807 2199 894 2247 erant
907 2188 1050 2249 invalida
1059 2235 1068 2267 ,
1091 2201 1148 2249 aut
1162 2188 1247 2268 defe-

150 2287 263 2339 cerant.
309 2275 461 2353 Confectis
481 2276 526 2334 ibi
544 2273 652 2333 diebus
666 2275 788 2354 aliquot
801 2277 981 2334 necessariis
997 2272 1042 2334 ad
1056 2277 1138 2336 aires
1154 2296 1247 2355 repa·

149 2359 285 2439 randas,
307 2361 542 2442 accingebamus
555 2381 611 2420 nos
625 2362 874 2420 Maurocastrum
882 2362 1064 2440 profecturi.
1108 2359 1170 2421 Sed
1180 2363 1247 2420 iam

143 2449 272 2529 paratis
293 2446 380 2506 rebus
399 2446 555 2524 omnibus,
578 2467 647 2504 cum
667 2446 749 2504 nibil
769 2443 860 2504 aliud
879 2445 1025 2522 obstaret,
1056 2447 1127 2525 ipsa
1144 2444 1247 2506 media

148 2544 235 2595 nocte
259 2529 455 2612 (quanquam
474 2535 629 2591 maturius
647 2534 823 2610 profectum
841 2531 1029 2612 oportebat),
1049 2533 1152 2612 flante
1172 2543 1248 2592 tunc

71 2691 75 2702 Ι
148 2619 291 2696 aquilone
303 2621 504 2698 gravissimo,
527 2619 621 2676 bieme
634 2619 771 2675 omnium
782 2620 962 2677 saevissima
975 2639 1006 2675 se
1015 2619 1248 2697 praecipitante,

150 2713 186 2760 ut
195 2701 299 2777 facile
314 2701 462 2778 crederes,
485 2707 634 2782 impervia
649 2725 709 2760 esse
728 2705 856 2780 itinera,
879 2725 932 2762 nec
952 2701 1104 2762 obdurare
1119 2702 1177 2761 sub
1192 2702 1246 2762 dio

151 2784 268 2861 ullum,
285 2805 438 2864 propeque
443 2788 518 2863 fieri
530 2809 590 2848 non
607 2809 712 2866 posse,
736 2799 772 2845 ut
786 2791 841 2867 qui
855 2799 930 2846 tecto
943 2809 1005 2846 non
1016 2799 1186 2847 seruaretur
1200 2791 1248 2846 in-

151 2870 275 2928 teritum
291 2871 451 2948 effugeret,
474 2883 544 2930 tunc
553 2923 562 2950 ,
585 2875 711 2950 inquam
720 2916 729 2947 ,
744 2871 916 2948 formidine
932 2875 1072 2930 commoti
1088 2871 1249 2936 subsistere

151 2951 264 3013 ibidem
278 2973 390 3034 nosque
404 2959 552 3013 continere
572 2959 747 3017 statuimus.
794 2957 893 3015 Cuius
908 2957 1029 3014 consilii
1043 2968 1151 3016 auctor
1160 2954 1251 3036 apud

150 3036 272 3101 sodales
288 3060 341 3118 ego
359 3041 476 3098 exstiti:
498 3062 558 3098 nan
575 3061 636 3098 esse
653 3038 821 3097 ullomodo
839 3037 980 3098 domibus
994 3039 1171 3118 exeundum,
1192 3061 1248 3101 ne-

151 3121 227 3184 dum
242 3123 466 3184 abnoctandum
482 3123 570 3182 inde:
592 3123 677 3205 quod
689 3127 832 3204 princeps
845 3123 933 3184 sidus
953 3122 1140 3206 (Saturnum
1154 3145 1248 3186 voca-

150 3208 237 3292 mus)
260 3213 323 3270 iarn
339 3209 383 3268 ad
402 3231 555 3289 vesperum
576 3214 609 3269 in
632 3221 822 3289 conspectum
837 3231 868 3270 se
890 3208 986 3268 dabat
993 3254 1002 3285 ,
1024 3212 1117 3290 inque
1131 3210 1248 3268 simili-

150 3295 289 3356 tudinem
309 3308 440 3355 naturae
462 3299 528 3354 eius
542 3295 766 3354 immutabatur
783 3303 845 3354 a‘e'r.
893 3294 1056 3356 Transibat
1074 3296 1153 3354 enim
1176 3304 1249 3356 tunc

150 3383 306 3440 Saturnus
322 3385 404 3440 circa
425 3383 519 3439 initia
539 3385 684 3462 aquarii,
706 3382 768 3439 sole
785 3381 942 3440 brumalia
957 3382 1049 3458 signa
1066 3390 1248 3458 permeante.

155 3465 256 3543 Quare
269 3479 443 3545 tempestas,
466 3466 521 3525 ubi
533 3469 624 3526 semel
636 3477 821 3546 occoeperat,
843 3464 889 3523 ad
898 3467 1043 3524 maiorem
1055 3485 1168 3544 semper
1178 3486 1248 3523 sae-

150 3553 433 3630 vitiamprogressa
450 3563 509 3630 est,
531 3565 566 3612 ut
582 3575 659 3633 quae
668 3557 761 3632 prius
781 3552 914 3630 terrifica
933 3551 1020 3610 nobis
1030 3551 1246 3629 aisafuerant,

152 3655 223 3695 cum
244 3637 491 3716 subsequentibus
507 3639 622 3696 collata
646 3638 740 3697 ludus
754 3659 885 3716 prorsus
900 3635 1091 3704 viderentur.-
1114 3646 1180 3694 tam
1193 3635 1248 3694 lu-

152 3721 286 3779 culenter
298 3744 329 3778 se
339 3721 434 3780 biems
450 3744 736 3819 quoquoversume
705 3721 882 3803 diffuderat.
924 3721 973 3782 Ibi
987 3721 1090 3782 diebus
1106 3719 1248 3799 complu-

151 3805 239 3864 ribus
252 3809 404 3884 confectis,
425 3811 477 3866 aix
488 3807 667 3889 tandemque
680 3811 827 3908 cogitatio
841 3831 861 3866 a
863 3811 951 3888 liqua
964 3805 1090 3866 menum
1099 3803 1248 3865 redeundi

151 3889 246 3947 subiit
254 3894 403 3990 animum,
418 3900 486 3950 a'e're
497 3915 613 3974 quoque
624 3898 768 3952 sereniore
781 3915 812 3950 se
823 3905 1068 3993 repraesentante.
1091 3887 1167 3973 (ΙΙΙ.)
1184 3890 1249 3952 Ita.

152 3993 211 4053 que
225 3979 337 4054 egressi
353 3997 479 4054 cuncus,
502 3979 541 4036 ab
558 3981 667 4038 incolis
681 3977 837 4058 splendide
854 3982 983 4057 stipati.-
1006 3999 1106 4037 omnes
1121 3999 1167 4036 me
1179 3996 1249 4036 mae·

151 4058 243 4118 nibus
258 4063 418 4139 complosis
430 4063 616 4141 approbant,
639 4086 684 4122 me
696 4076 845 4144 tanquam
859 4067 1063 4125 necessarium
1075 4065 1249 4142 unusquis-

151 4165 315 4223 quesuum
328 4149 459 4226 respicit,
481 4149 559 4206 mibi
571 4153 707 4208 maxima
715 4161 870 4229 precatur.
905 4153 976 4208 Hoc
988 4146 1155 4208 diestndia
1166 4165 1248 4223 axx,
1297 4139 1301 4148 ¹

150 4232 447 4332 nequeillaintegra,
464 4255 572 4292 emensi
578 4257 692 4312 sumus,
707 4233 799 4314 idque
803 4257 919 4315 praegr
920 4257 994 4293 esses
1009 4247 1078 4292 ante
1090 4255 1146 4293 nos
1160 4234 1247 4307 aliis,

151 4319 208 4394 qui
229 4321 396 4375 maximam
413 4321 477 4376 aim
495 4322 660 4378 nivisium
679 4320 878 4381 dimoverant.
920 4319 1077 4380 Postridie
1098 4323 1165 4377 eius
1185 4314 1248 4374 diei

149 4403 257 4461 statim
271 4423 293 4462 a
302 4406 507 4484 principiae
473 4400 604 4485 ᾰ[1ἱοι”ἰί
602 4409 660 4466 ime
671 4403 962 4487 progrediebamur,
984 4418 1135 4485 tanquam
1150 4405 1183 4460 in
1192 4422 1249 4480 pe·
1318 4393 1323 4404 ⁸
