3038 4796
408 373 469 442 AD
488 371 773 449 lllGEPHORUM
796 375 990 456 efluunt
1161 370 1249 451 ,858

163 547 227 594 non
239 529 482 612 committantur,
503 534 555 594 aed
569 533 654 616 quasi
668 540 908 618 praevetuatate,
928 545 966 601 ut
978 534 1067 602 vertit
1079 545 1248 624 contempta

164 632 375 696 contemnitur.
418 636 475 694 Sed
494 634 573 696 hanc
587 637 743 719 synodum
759 637 867 699 factam
887 658 949 698 eaeo
969 637 1002 698 in
1016 639 1145 701 saxonia
1162 652 1248 705 certo

164 731 248 809 acio,
270 733 303 794 in
323 753 381 813 qna
395 743 556 797 tractatum
576 745 620 798 eat
639 745 670 799 et
686 736 850 817 firmatum,
873 737 1026 808 decentius
1045 740 1163 805 endum
1183 763 1247 823 pu-

124 866 127 872 ·
163 851 271 912 gnare,
300 855 390 916 quam
410 837 546 914 calamia3
575 847 606 908 et
622 839 706 919 priua
726 847 853 899 mortem
872 839 953 902 obire
960 885 969 921 ,
1001 859 1088 920 quam
1109 839 1273 906 hortibuaB

162 943 244 1013 terga
258 936 344 996 dare:
367 939 446 1018 quod
456 940 505 999 vel
518 948 588 1000 tuna
603 939 748 1001 exercituo
763 940 924 1020 experitur,
944 941 978 1008 in
992 942 1082 1002 corda
1092 963 1157 1004 meo
1169 945 1245 1024 dixi,

163 1045 194 1096 et
206 1057 293 1115 quem
305 1039 366 1098 aint
381 1061 528 1120 pugnaces
541 1061 574 1101 re
589 1041 655 1122 ipra
671 1041 847 1122 experiatur.
889 1041 999 1103 Verum
1012 1041 1070 1104 laac
1082 1045 1183 1108 eadem
1197 1046 1247 1108 dia

161 1146 232 1217 poet
252 1139 422 1218 meridiem,
452 1143 525 1202 adeo
545 1143 739 1224 impotentem
760 1151 790 1203 ct
808 1142 1049 1222 tranafignratum
1069 1163 1118 1206 me
1142 1167 1246 1209 reven-

160 1241 238 1299 tenti
257 1242 295 1302 ad
315 1245 459 1322 palatium
479 1244 536 1304 eibi
556 1247 707 1326 praecepit
730 1263 905 1321 occurrere,
936 1254 969 1306 ut
987 1245 1138 1308 obviantes
1160 1249 1245 1328 milri,

162 1361 237 1421 quae
251 1344 335 1424 priua
349 1346 381 1406 in
392 1355 542 1426 stuporem
554 1347 661 1406 mantia
674 1347 813 1408 mulierea
824 1366 945 1423 vercae,
964 1347 1068 1426 Mena,
1087 1369 1174 1409 mana
1188 1349 1245 1432 2⁰),

161 1443 344 1523 clamabant,
365 1447 515 1508 miseriem
533 1469 629 1510 meam
652 1449 759 1530 pognia
777 1457 898 1530 pectora
918 1458 1022 1510 tunaaa
1043 1451 1177 1513 dicerent
1191 1475 1246 1516 τα-

159 1544 245 1608 neeri
262 1546 313 1609 nol
331 1551 514 1631 ταλαίπωρε’,
537 1549 599 1622 cui,
620 1548 788 1630 Nicephoro
803 1550 917 1610 scilicet
935 1551 1086 1632 venienti,
1109 1563 1140 1613 at
1156 1555 1244 1615 vobin

161 1647 338 1721 abuentibus,
358 1650 432 1728 quid
443 1660 516 1711 tunc
529 1650 666 1711 manibus
678 1650 712 1710 in
723 1651 835 1711 caelum
847 1651 952 1711 erectio
967 1655 1148 1733 optaverim,
1168 1679 1243 1738 pro-

158 1749 410 1812 veniantutinam.
431 1751 568 1812 Sedmihi
576 1751 667 1812 velim
677 1751 813 1828 credatis,
827 1751 865 1812 nd
873 1751 964 1814 naum
972 1771 1087 1815 menon
1095 1758 1246 1836 parnmila

158 1848 241 1913 laxit.
264 1851 433 1932 Impatienti
449 1854 527 1914 enim
542 1863 631 1934 atque
650 1853 771 1914 effraeni
782 1853 1016 1934 inridenaequo,
1038 1856 1108 1916 aetia
1116 1877 1241 1938 patrue,

159 1939 356 2032 aauamagn'o,
371 1975 503 2038 puppam
516 1957 616 2037 ipaum
629 1977 711 2016 mena
721 1955 779 2015 eibi
791 1955 926 2036 depinxit
939 1975 1013 2031 mea,
1022 1942 1266 2037 quamSahl'aviu

157 2059 250 2118 roatri
264 2060 371 2140 equino
387 2059 558 2137 colligantes
571 2058 656 2139 pullo
670 2067 795 2118 matrem
807 2057 1031 2138 praecedentem
1044 2060 1127 2140 aequi
1141 2059 1244 2121 affrae·

157 2169 227 2219 nate
245 2160 409 2221 dimittunt.
450 2160 504 2222 Ilia
520 2161 644 2241 expletio
659 2160 696 2220 ed
719 2158 857 2220 concives
878 2167 908 2220 et
922 2158 1139 2222 cohabitatores
1154 2181 1244 2238 mear,

98 2327 102 2334 ,
158 2261 290 2342 quinque
309 2263 429 2340 leonae,
449 2262 483 2322 in
502 2261 755 2343 praenominatam
776 2259 905 2322 invisam
926 2261 1047 2321 domum
1068 2282 1133 2326 aum
1149 2264 1243 2324 dedu-

157 2373 241 2442 ctua3
270 2364 322 2424 ubi
346 2374 417 2446 poet
440 2363 693 2426 hebdomadarum
722 2363 852 2444 epatium
880 2363 993 2442 trium,
1021 2364 1156 2443 nullius,
1182 2365 1242 2427 niai

155 2485 289 2527 meorum
307 2487 373 2526 aum
394 2466 543 2545 colloquio
558 2465 702 2528 visitatae.
745 2464 809 2539 Qua
833 2483 872 2524 ax
886 2484 921 2526 ra
934 2465 1135 2546 Nicephorum
1153 2488 1242 2528 num·
1305 2471 1307 2486 '

156 2589 243 2648 quam
259 2568 397 2630 mavelle
418 2568 565 2628 dimittere
582 2587 665 2628 mena
679 2566 735 2627 ribi
749 2567 886 2648 depinxit
901 2587 981 2648 mea,
1002 2587 1038 2628 ac
1052 2567 1172 2630 triatitia
1184 2570 1242 2631 im.

156 2671 273 2730 modica
290 2672 461 2750 languorem
479 2669 616 2749 languori
631 2669 703 2730 adeo
720 2667 967 2750 superimpoauit,
987 2678 1022 2730 nt
1041 2669 1104 2731 vita
1118 2672 1242 2734 excede·

154 2789 236 2849 ram,
257 2772 316 2830 niai
337 2771 412 2832 mihi
428 2772 507 2832 hanc
524 2773 579 2831 Dei
601 2770 739 2831 Genitrix
762 2771 934 2834 acreatorc
954 2779 984 2832 et
1000 2771 1076 2832 Filio
1097 2793 1151 2832 auo
1175 2793 1243 2854 pre·

156 2872 242 2932 cibua
256 2873 413 2952 obtineret;
436 2872 683 2954 quemadmodum
698 2893 758 2932 non
772 2865 937 2949 fanlmtica,
959 2873 1011 2933 aed
1023 2893 1093 2956 vera
1109 2883 1153 2934 eat
1166 2874 1242 2934 mihi

153 2973 271 3036 vitione
289 2985 494 3036 monstratum.
535 2975 590 3036 Hir
609 2970 678 3054 er'go
697 2973 792 3034 tribua
812 2973 1045 3036 hebdomadibua
1059 2973 1166 3034 habuit
1184 2974 1241 3035 Ni-

154 3075 301 3156 cephorua
329 3087 412 3138 extra
435 3076 721 3156 Constantinopolim
741 3075 927 3152 metastasin,
952 3073 987 3134 id
1004 3081 1049 3134 eat
1067 3073 1265 3151 andnuman

153 3179 188 3240 in
202 3178 270 3238 loco
294 3180 347 3258 qui
366 3180 477 3240 dicitur
491 3180 534 3254 ee
555 3175 680 3260 nnyalcj
694 3177 728 3238 id
747 3185 792 3236 eat
812 3177 852 3238 ad
871 3177 984 3248 fontes.
1014 3175 1176 3256 eodemque
1190 3196 1239 3238 me

153 3279 255 3340 venire
266 3281 425 3362 praecepit.
466 3283 505 3342 Et
520 3301 588 3340 cum
607 3289 706 3340 tamen
716 3278 874 3357 languidus
887 3295 996 3348 earam,
1017 3285 1052 3336 ut
1066 3296 1127 3336 non
1140 3277 1238 3340 aolum

154 3381 257 3459 atatio,
283 3383 335 3442 aed
352 3383 418 3463 ipaa
436 3383 525 3443 etiam
544 3382 633 3442 aeaaio
654 3379 755 3460 gravia
777 3379 851 3440 milri
869 3397 968 3440 morae
982 3377 1154 3454 videretur,
1173 3379 1239 3442 dia·

154 3493 303 3566 cooperto
315 3485 427 3565 capita,
450 3485 531 3565 quod
548 3485 641 3544 malae
661 3480 827 3544 valetudini
847 3499 929 3540 meae
949 3478 1037 3539 nimia
1056 3479 1238 3542 contrarium

153 3595 228 3662 erat,
251 3595 317 3646 anta
330 3607 361 3646 ae
375 3607 423 3646 ma
441 3596 519 3648 utare
533 3587 646 3666 coegit3
668 3585 717 3644 cui
734 3593 764 3644 at
778 3582 836 3642 ait:
857 3579 977 3641 Domini
988 3579 1037 3642 tui
1048 3581 1135 3660 Regia
1151 3584 1239 3646 Otto-

151 3687 331 3764 annuntii,
351 3689 405 3770 qui
418 3689 578 3769 praeterito
589 3697 620 3748 te
630 3694 854 3768 praeceaaarnnt
867 3703 963 3761 anno,
985 3681 1150 3744 iuramento
1163 3685 1237 3747 milri

149 3785 1238 3869 promiserunt,etiuriaiurandiliteraeinpmeaantiarumaunt‚nnmquam

149 3890 280 3952 illumin
294 3892 394 3972 aliquo
407 3903 542 3954 noan-um
553 3893 753 3952 scandalizare
765 3887 933 3969 imparium.
975 3883 1028 3950 Vis
1042 3887 1138 3948 maino
1152 3909 1238 3950 amn-

149 3990 266 4074 dalam,
288 4015 376 4076 quam
392 3995 474 4079 quod
494 4016 527 4057 aa
547 3996 759 4076 imperatorem
773 3999 881 4066 vocet,
902 3986 1028 4071 Imperii
1046 3989 1144 4052 noemi
1165 3990 1237 4054 the·

178 4209 229 4278 20)
245 4207 277 4262 Id
293 4213 334 4264 eat
353 4210 452 4279 Mater,
468 4217 562 4269 nater.
580 4211 663 4268 Mar.
1029 4237 1033 4246 ¹

212 4313 369 4384 mandi
384 4315 505 4387 negotio.
839 4335 867 4362 .·
987 4309 1030 4375 28
