2984 4798
291 347 371 431 652
493 361 533 434 N·
559 359 606 431 Μ.
626 356 826 428 FOGGINII
844 345 1187 438 ADNOTATIONES

294 541 298 547 '
377 521 428 586 88·
460 511 507 582 Ori
527 512 675 603 μητρυιά]
702 518 873 580 Eeriboeam
897 517 1028 590 scilicet,
1055 539 1144 598 quam
1166 539 1222 601 ope
1242 518 1366 580 Mercurii

293 603 418 667 Martem
440 621 478 663 ex
497 624 585 666 aereo
604 605 658 666 illo
673 623 790 664 carcere
804 605 943 664 libersase
962 624 999 663 ex
1015 603 1144 664 Homero
1162 625 1234 664 mox
1246 605 1366 663 vidimus.

291 687 374 748 Dicit
400 698 515 767 autem,
535 690 618 770 quod
639 690 673 749 in
695 689 830 750 Cretensi
849 687 907 748 hac
935 688 1126 766 expeditione
1145 709 1208 749 non
1234 689 1366 763 lleriboce,

290 773 345 834 eorl
358 772 423 854 ipse
437 774 564 855 Despota
576 776 701 836 Martem
716 774 750 833 in
763 775 930 835 libertatem
944 773 1159 852 vindicaverit,
1180 785 1215 834 ut
1228 775 1327 836 iterum
1336 773 1367 832 de

293 858 426 919 Cretensi
442 867 573 940 tyranno
591 861 755 920 vindictam
776 867 914 919 sumeret.

333 963 437 1112 ull-t
456 965 605 1052 Πολλοῖς]
637 965 683 1026 lta
717 965 829 1044 Codex,
864 965 917 1027 aed
947 963 1063 1026 librarii
1097 964 1263 1025 oscitantia.
1305 963 1369 1040 lege

290 1069 332 1114 reo
368 1072 423 1112 osv.

375 1155 427 1223 69.
448 1149 561 1236 Κύριε]
583 1155 680 1217 Verba
699 1165 770 1216 sunt
785 1175 824 1215 ex
843 1155 957 1216 Psalmo
977 1155 1100 1218 XXVll.
1118 1176 1149 1218 v.
1169 1149 1198 1222 1.
1219 1153 1368 1236 paullulum

291 1246 414 1320 apoita
428 1240 599 1321 immutata,
620 1251 654 1302 ut
671 1259 776 1301 uersus
788 1261 941 1301 mensurae
957 1241 1204 1305 accommodaret.

290 1427 307 1495 ἐ
360 1349 427 1492 'gb
446 1341 497 1410 Ἐν
511 1340 632 1434 βόθρῳ]
654 1347 840 1409 Corneliusa
860 1347 978 1408 Codicis
990 1349 1119 1408 lectione
1134 1345 1276 1408 recedens
1291 1342 1371 1405 edidit

352 1455 367 1493 o
415 1454 466 1493 ων.

307 1431 350 1512 μβ
376 1454 427 1604 did·
447 1535 500 1613 Ὦς
512 1537 641 1618 Μωσῆς]
654 1537 816 1600 Victoriam
833 1534 975 1598 advertus
991 1537 1168 1598 Amaleoins
1183 1559 1201 1597 a
1217 1537 1302 1598 losue
1313 1553 1371 1616 pre·

292 1619 378 1681 cibus
391 1622 481 1682 Moris
493 1633 673 1704 reportatam
689 1626 801 1687 innuit.
824 1623 944 1700 Legitur·
954 1623 987 1682 in
1000 1623 1094 1682 Exod.
1110 1643 1176 1703 cap.
1191 1643 1269 1682 xrrr.
1281 1641 1308 1680 r.
1323 1623 1371 1685 11:

294 1701 501 1766 consonaret
521 1711 620 1770 Moaea
634 1731 761 1789 manna,
782 1708 921 1769 vincebat
940 1708 1054 1768 lsrael:
1076 1711 1243 1774 ainnutem
1252 1705 1371 1786 paullu-

291 1791 358 1849 dnm
369 1795 550 1872 romaicam,
568 1795 733 1873 adparabat
743 1795 883 1855 Amalec.
917 1794 983 1866 Qua
997 1793 1033 1852 de
1046 1813 1078 1853 re
1091 1813 1184 1872 quum
1205 1811 1305 1852 manua
1319 1788 1372 1848 hlo-
1455 1853 1456 1866 1

289 1875 331 1939 eis
351 1877 562 1956 fatigarentur,
587 1879 690 1939 Aaron
710 1889 740 1940 et
757 1881 823 1939 Hur
845 1898 883 1938 ex
909 1887 1036 1957 utreque
1062 1887 1147 1958 parte
1170 1897 1220 1938 ees
1239 1884 1372 1937 sustenta·

290 1969 376 2039 runt‚
411 1965 578 2042 rogavitque
596 1965 685 2024 Inone
703 1964 845 2037 Amalec,
866 1973 893 2020 et
911 1964 1065 2042 populum
1081 1966 1146 2022 eiua
1161 1966 1197 2023 r'n
1216 1985 1265 2022 ore
1275 1957 1373 2042 gladii.
1454 1971 1456 2034 ζ

292 2043 375 2126 [vid.
388 2047 457 2108 Not.
473 2049 541 2112 crit.
556 2047 590 2107 in
605 2047 697 2112 Anth.
710 2050 773 2111 Pal.
791 2071 821 2130 p.
838 2051 887 2114 16.
899 2047 932 2108 F·
950 2047 986 2127 I·]

375 2157 426 2222 73.
445 2147 632 2236 Ἐιιιστᾶσης]
658 2155 707 2215 Sic
721 2155 760 2214 ad
774 2135 863 2214 iidem
878 2151 995 2214 Codicis
1012 2152 1237 2214 emendavimus
1248 2151 1306 2214 hoc
1318 2171 1373 2214 rer·
1456 2139 1457 2156 ³

290 2232 372 2316 burm
394 2239 587 2318 quodminus
601 2250 734 2301 correcte
750 2239 843 2302 edidit
855 2237 1020 2301 Cornelius.

243 2343 247 2352 '
376 2337 442 2424 [77.
467 2341 500 2410 ἕν
514 2341 605 2430 ξυρῷ]
629 2365 675 2406 rea
695 2345 728 2404 in
751 2345 913 2406 discrimen
933 2335 1032 2426 uenit,
1057 2345 1250 2406 Cretensibus
1268 2353 1373 2428 practer

289 2425 462 2508 opinionem
476 2427 574 2490 subito
588 2431 817 2510 erumpentibus.
839 2431 872 2490 F.
889 2429 926 2511 l.]

374 2528 445 2612 [78.
466 2527 569 2608 εὔθεῖς
586 2533 724 2608 κοιλάδες
749 2536 880 2596 vertitur
900 2547 994 2596 antra
1013 2538 1179 2614 immania,
1200 2538 1300 2599 nescio
1323 2555 1372 2616 quo
1456 2559 1458 2592 t

289 2613 364 2676 iure.
376 2607 477 2690 εὖθεῖς
491 2615 615 2684 ἱππόται
627 2629 697 2679 sunt
710 2619 747 2679 ll.
766 2623 836 2688 135.
854 2641 941 2681 aenou
955 2641 1015 2680 non
1028 2621 1128 2681 minua
1147 2623 1283 2684 obscuro.
1311 2623 1373 2682 For·
1456 2609 1458 2668 ἶ

289 2781 323 2850 r.
345 2785 382 2866 1.]

288 2708 367 2761 tasse
380 2701 471 2761 verba
484 2703 681 2786 aeiungendae
702 2698 815 2784 aridate,
829 2701 972 2780 κοιλάδες.
987 2705 1057 2766 Ioco
1070 2703 1174 2766 ardua
1187 2720 1216 2767 et
1228 2707 1372 2770 contrella.
1456 2721 1458 2744 ·

374 2893 427 2958 80.
450 2891 745 2980 Προεπρεπισθείς]
768 2893 814 2956 lta
832 2915 902 2956 oum
919 2895 1027 2957 Codice
1045 2895 1105 2960 hoc
1128 2898 1255 2960 verbum
1273 2899 1373 2978 corrige
1456 2877 1458 2974 ξ

288 2973 436 3038 mendose
451 2977 564 3040 editum
583 3003 601 3041 a
618 2983 766 3043 Cornelio.

375 3081 456 3146 Ibid.
477 3081 735 3170 Ἑπτασήμαντος]
759 3087 970 3165 Hoeverbum,
992 3087 1073 3167 quod
1085 3087 1155 3148 alibi
1168 3111 1231 3152 non
1246 3090 1372 3174 reperias,
1457 3087 1458 3118 r

288 3163 411 3228 adhibet
426 3169 629 3250 Theodosius,
650 3184 686 3234 ut
698 3173 810 3233 indicet
825 3173 990 3233 exercitum
1006 3175 1221 3235 Saracenorum
1234 3179 1321 3237 fulmo
1332 3196 1373 3234 se·
1391 3245 1396 3262 ι
1457 3207 1458 3268 p

286 3252 367 3332 pties
396 3272 414 3311 a
445 3255 566 3320 Graecis
587 3257 700 3320 victum
722 3278 757 3316 ac
778 3257 983 3338 profligatum,
1013 3258 1236 3338 quodquidam
1262 3261 1373 3321 inferius
1457 3289 1458 3318 r

287 3337 381 3416 magis
403 3349 504 3419 aperte
526 3351 663 3408 tentatur.
706 3342 909 3423 compositum
925 3353 1024 3402 autern
1040 3343 1114 3402 illud
1140 3354 1242 3406 estex
1262 3343 1330 3410 torri
1349 3351 1374 3402 et

287 3427 421 3502 σημεῖον,
443 3425 526 3503 quaai
543 3427 648 3486 Graeci
666 3437 778 3508 septem
797 3437 919 3508 tropaea
935 3427 1092 3489 erexerint.
1131 3427 1373 3512 [Ἑηηασήμαντος

288 3524 350 3566 eaeo
371 3515 472 3586 potest
498 3511 648 3575 exercituo
677 3522 792 3594 septem
824 3513 956 3574 cladium
977 3521 1130 3594 tamquam
1154 3527 1229 3576 nota
1258 3517 1374 3577 inustus.

288 3586 322 3650 r.
345 3589 390 3672 t]

370 3693 421 3766 94.
441 3689 492 3762 Ἔα
501 3701 564 3764 cciv
576 3696 711 3784 eidn'loov]
728 3705 894 3763 Romanum
908 3699 1120 3782 Imperatorem
1132 3701 1290 3782 incognitis
1300 3697 1373 3778 eqni·

285 3777 365 3840 tibus
389 3781 529 3864 stipatum
553 3789 697 3868 exercitui
712 3809 765 3848 suo
780 3810 796 3846 a
811 3788 886 3847 facia
902 3787 1095 3848 barbarorum
1114 3788 1240 3867 fugienti
1254 3779 1373 3847 mirabili

284 3865 375 3926 modo
399 3869 586 3948 appamiaae,
607 3873 766 3952 uerbisque
783 3872 821 3932 ad
842 3873 987 3954 praelium
1002 3873 1191 3934 confirmasse
1198 3917 1207 3950 ,
1228 3873 1325 3932 nullus
1340 3883 1373 3926 ex

284 3952 492 4028 superstitibus
506 3953 656 4018 historicis
673 3967 894 4038 commemorat,
905 3977 962 4018 nce
974 3957 1090 4038 dubito,
1105 3957 1207 4020 fictam
1219 3977 1279 4018 esee
1293 3952 1373 4020 label-
1456 3995 1457 3998 ,

282 4029 344 4093 tan
363 4035 403 4095 ad
416 4033 554 4098 ornatum
567 4043 719 4121 poematii.

370 4139 454 4221 [108.
477 4140 561 4219 ὄντες
582 4143 616 4209 ἐκ
641 4143 767 4224 oao‘eovc
786 4149 863 4210 male
880 4148 1065 4228 explicatum
1087 4151 1227 4230 quamvis
1241 4155 1320 4206 extro
1332 4151 1372 4198 te·

284 4221 405 4290 hebrae·
446 4227 496 4292 Ex
515 4231 646 4292 tenebria
667 4234 729 4294 orti
744 4235 888 4296 dicuntur
908 4235 1046 4312 barbari,
1071 4236 1140 4316 quia
1152 4224 1372 4310 lucareligs‘onis

285 4307 465 4375 christiam
479 4325 591 4378 carent.
606 4315 674 4384 vid.
685 4318 755 4382 Not.
769 4319 809 4383 ad
826 4317 920 4388 deth.
935 4321 997 4385 Pal.
1015 4341 1047 4402 p.
1061 4325 1113 4390 18.
1126 4341 1174 4384 nr.
1188 4319 1239 4388 85.
1257 4315 1288 4380 F.
1301 4309 1335 4392 l]
