3058 4808
271 357 349 434 νου
472 413 476 422 .
517 369 578 436 ου
602 367 898 441 unumunurm
924 345 1108 437 eunucu

106 542 227 602 foliot
244 558 343 609 ε.νους
359 536 410 598 καῖ
426 526 592 618 πράγματα
613 538 677 600 τῶν
697 532 849 615 πολεμίων
857 581 867 613 ,
899 535 949 598 καὶ
971 531 1158 619 ἀνθρώπους
1173 536 1363 622 ἀνδραποδί-

271 639 347 717 ζειν,
381 639 432 700 καὶ
453 635 533 721 ἀρχὴ
558 633 685 720 τοιαύτη
708 635 846 721 γίνηται,
880 631 1067 720 δρμήσουσιν
1087 636 1220 716 ἅπαντες
1241 645 1284 716 είς
1303 641 1362 724 τὴν

213 771 219 788 ·
267 735 413 822 τοιαύτην
427 737 614 825 διαρπαγὴν,
642 741 692 804 καῖ
715 738 848 825 ἀφειδῶς
862 737 949 806 λ’νδον
961 735 1139 827 χωρήσουσι
1154 749 1217 810 τῶν
1228 749 1359 827 σκηνῶν,
1391 745 1393 750 ’

268 843 346 928 ξίφει
367 839 480 917 αύτούς
502 837 751 940 κατακόπτοντες.
790 843 840 906 καλ
862 839 932 908 τότε
953 842 1030 928 πρὸς
1051 844 1151 930 φυγὴν
1172 841 1361 930 ὅρμήσουσιν

268 943 399 1020 ἅπαντες
405 993 415 1025 ,
444 942 511 1010 ὅσοι
528 945 585 1028 μίν
607 929 784 1029 ἰσχύσουσιν
804 945 945 1028 ἐπιβῆναι
961 947 1080 1026 λ’τιπων,
1110 947 1140 1012 οἳ
1156 948 1190 1012 δὲ
1206 950 1257 1012 καί
1271 949 1384 1034 πεζῇ,5

270 1043 312 1123 ῶς
326 1045 365 1112 ἀν
380 1050 558 1131 δυνηθῶσιν
572 1045 658 1134 ύρέσί
669 1073 702 1112 τε
718 1049 768 1112 καί
787 1043 921 1134 φάραγξι
941 1055 1108 1132 κρυβῆναι,
1136 1051 1188 1114 καὶ
1208 1051 1363 1138 σωτηρίας

157 1191 161 1201 =
239 1151 381 1234 ὓτυχεῖν.
415 1152 465 1215 καλ
479 1153 505 1215 εί
518 1155 658 1216 τοιούτω
671 1157 710 1236 τῇ
724 1152 859 1239 βοηθείᾳ
879 1156 935 1216 τοῦ
952 1153 1034 1217 Θεοῦ
1048 1152 1168 1236 γίνηται
1181 1151 1218 1217 roi
1234 1159 1289 1238 τοῦ
1303 1179 1362 1218 πο-

268 1254 362 1336 λέμου
385 1253 480 1339 πίρας
502 1251 553 1317 διά
569 1259 736 1340 πρεσβειῶν
751 1257 806 1336 τῆς
825 1251 1041 1338 παναχράντου
1060 1255 1178 1340 μητρὸς
1200 1255 1295 1321 αύτοῦ
1311 1257 1364 1321 καί

267 1352 436 1434 θεοτύκυυ,
471 1352 565 1432 δόξαν
585 1355 642 1439 μὲν
663 1355 692 1424 οἱ
718 1353 797 1439 ἅγιοι
813 1361 950 1437 βασιλεῖς
971 1353 1142 1440 λήψονται,
1177 1360 1228 1422 καὶ
1250 1355 1363 1444 κράτος

267 1456 351 1522 ἀπαν
365 1457 401 1522 τὸ
412 1453 581 1539 Ῥωμαϊκὸν
596 1456 789 1545 στράτευμα·
806 1459 912 1543 μηκέτι
926 1465 989 1524 τῶν
1003 1463 1153 1542 πολεμίων
1166 1459 1246 1524 κατὰ
1261 1457 1358 1547 πρύσ-
1370 1473 1407 1526 10

268 1585 353 1626 ωπον
376 1559 479 1625 αὐτῶν
499 1567 608 1645 στῆναι
630 1562 815 1645 δυναμένων.
851 1565 878 1627 εἰ
892 1562 928 1626 δί
939 1587 970 1647 γε
985 1557 1103 1644 ὁμαλοῦ
1123 1561 1283 1646 ἐπιτύχωσι
1294 1560 1363 1646 χῶ-

268 1687 325 1750 ρου
345 1669 401 1748 τῆς
420 1659 537 1751 ἡμέρας
550 1663 784 1752 ίπιφαινούσης,
813 1667 863 1729 καλ
887 1668 929 1741 είς
952 1663 1046 1729 αύτδν
1065 1663 1276 1745 καταλύσωσι,
1303 1665 1363 1740 τάς

266 1766 382 1851 σκηνάς
395 1764 579 1850 πηξάμενοι,
608 1769 658 1832 καλ
675 1767 731 1834 οάκ
747 1767 875 1854 εὐχερῶς
896 1769 928 1832 ἓν
943 1773 987 1856 τῷ
1007 1766 1138 1856 τοιούτῳ
1157 1765 1241 1856 τύπῳ
1257 1766 1312 1832 τὸν
1328 1768 1361 1831 ἓν

265 1872 350 1935 νυκτὶ
367 1867 501 1953 πόλεμον
514 1865 637 1954 ἀρμύζει
653 1872 815 1956 γενέσθαι·
842 1875 890 1936 δεῖ
907 1869 962 1936 τὸν
976 1870 1148 1956 στρατηγὸν
1163 1871 1242 1954 μετὰ
1255 1876 1363 1936 πασῶν

152 1981 185 2037 Ρ.
199 1983 251 2040 166
267 1979 329 2039 τῶν
344 1975 470 2052 πεζικῶν
484 1998 515 2037 τε
529 1975 579 2037 καί
593 1973 723 2038 ἱππικῶν
737 1969 895 2056 δυνάμεων
908 1973 1084 2060 ἔμπροσθεν
1102 1971 1192 2038 πάλιν
1205 1974 1357 2059 γενέσθαι,
1370 1988 1406 2045 15

265 2078 317 2141 καί
337 2075 375 2140 τά
397 2071 577 2162 ύφηλύτερα
599 2082 663 2140 τῶν
684 2075 765 2162 ἀρῶν
785 2087 963 2160 κατασχεῖν,
992 2080 1043 2141 καὶ
1062 2077 1119 2161 τὴν
1140 2075 1285 2159 διάβασιν
1306 2082 1361 2158 τῆς

265 2175 341 2244 δάοὔ
365 2174 478 2260 ὅμοίως
502 2177 749 2265 ἀσφαλίσασθαι.
792 2181 842 2244 καὶ
864 2181 926 2244 ἐπεὶ
947 2185 1043 2244 πᾶσαι
1050 2227 1060 2258 ,
1097 2175 1140 2255 ῶς
1160 2179 1293 2266 ἔφημεν,
1328 2178 1363 2244 αἱ

264 2275 332 2347 ilat
350 2281 383 2346 αἳ
399 2279 477 2368 πρὸς
493 2280 550 2364 τὴν
570 2283 718 2365 πολεμίαν
733 2279 909 2366 εἰσάγουσαι
927 2281 978 2347 διὰ
999 2288 1061 2347 τῶν
1083 2280 1164 2347 ὅλων
1184 2273 1227 2348 ὧν
1250 2281 1362 2368 ἀπηρι-

262 2380 437 2468 θμησάμην
453 2380 600 2466 θεμάτων
617 2385 669 2448 καί
686 2387 804 2460 οἰκείοις
818 2382 997 2471 ὀφθαλμοῖς
1017 2381 1213 2468 ἐθεασάμην,
1242 2382 1363 2468 δύσβα-

262 2511 313 2551 τοι
328 2483 528 2570 τυγχάνουσιν
542 2485 574 2550 ίν
590 2483 673 2569 ύρεσι
685 2497 752 2562 τοῖς
763 2489 927 2572 διορίζουσι
943 2487 999 2562 τὰς
1013 2487 1107 2574 ἀμφιο
1116 2485 1233 2573 χώρας,
1251 2489 1405 2556 currilium

263 2591 510 2674 προκαταλαβεῖν
532 2587 589 2671 τὴν
610 2585 754 2671 διάβασιν
774 2589 893 2672 αὐτῶν,
928 2593 979 2655 καί
1005 2590 1061 2656 τὸν
1089 2590 1169 2656 κατὰ
1196 2587 1362 2678 πρύσιοπον

264 2691 369 2756 αύτῶν
391 2687 581 2766 ἀδιστάκτιος
606 2693 738 2758 διατίθει
759 2691 902 2776 πόλεμον.
942 2696 994 2758 καὶ
1012 2690 1117 2780 χάριτι
1138 2696 1281 2779 Χριστοῦ
1305 2697 1361 2758 τοῦ

265 2796 349 2860 Θεοῦ
364 2787 453 2876 ἡμῶν
466 2789 676 2880 ύνιερισχύσεις
690 2794 794 2863 αὐτῶν
799 2845 811 2880 ,
838 2798 890 2862 καὶ
909 2791 1040 2873 τούτους
1057 2795 1243 2879 καταβαλῶν
1258 2795 1362 2886 τελείῳ

262 2893 459 2984 παραδώσεις
474 2895 649 2987 ἀφανισμῷ.

332 3028 374 3082 18.
398 3021 481 3095 οισι]
498 3021 590 3083 ὅσοι
607 3025 684 3081 nou

263 3144 316 3200 que
334 3127 362 3181 iu
387 3129 689 3199 terrimtemredigere,
714 3129 843 3198 semelque
860 3129 949 3183 harum
973 3145 1058 3183 rernm
1078 3129 1180 3184 initium
1197 3131 1293 3184 iactum
1310 3135 1361 3194 ot,

262 3215 350 3252 omnes
363 3199 396 3251 ad
410 3199 533 3252 eiusmodi
544 3200 715 3268 direptionem
727 3209 811 3263 ruent,
823 3217 952 3269 caecoque
965 3198 1063 3269 impetu
1076 3201 1188 3253 tentoria
1201 3201 1362 3264 invadentes,

263 3268 419 3322 obaiateutea
443 3269 536 3337 gladiio
559 3268 703 3321 concident.
731 3269 804 3320 Tum
825 3285 888 3321 vero
909 3285 994 3321 omnen
1017 3269 1045 3321 in
1062 3269 1150 3338 luam
1167 3287 1197 3322 re
1216 3268 1362 3332 conficiant,

262 3339 359 3406 quibua
377 3337 487 3390 incultae
501 3337 552 3389 fuit
562 3337 587 3389 in
601 3353 681 3406 equoa
693 3335 835 3401 inailimrli‚
854 3337 898 3390 alii
910 3355 1010 3406 quoque
1020 3338 1144 3406 pedibus,
1162 3347 1239 3408 prout
1251 3337 1277 3390 iu
1289 3353 1362 3390 mou-

263 3413 305 3459 tea
320 3413 347 3458 et
361 3407 490 3460 convalles
503 3407 600 3460 abdere
612 3423 640 3459 ae
653 3407 762 3490 quiaque
777 3406 881 3475 poterit,
900 3407 934 3459 ad
946 3407 1102 3475 salutemque
1116 3407 1258 3476 pervenire.
1283 3405 1362 3468 Quod

262 3474 304 3538 ai,
322 3475 378 3528 Deo
398 3475 518 3540 iuvante,
555 3491 585 3528 er
600 3476 807 3528 intercessionem
825 3475 1041 3528 incontaminatae
1060 3477 1147 3528 matria
1165 3476 1220 3528 eim
1234 3475 1282 3529 Dei
1346 3491 1363 3526 e

263 3543 387 3596 eiusmodi
405 3543 481 3598 linem
498 3545 514 3596 h
564 3549 576 3596 t
597 3545 737 3615 praelium,
755 3550 782 3596 et
806 3545 912 3613 gloriam
928 3545 1012 3596 naneti
1031 3545 1216 3613 Imperatores,
1233 3549 1261 3597 et
1295 3561 1365 3596 rma·

262 3619 374 3665 mentum
399 3612 535 3666 universae
561 3613 730 3666 Romanorum
747 3613 838 3682 copiae
857 3621 1041 3698 assequentur:
1065 3631 1149 3683 neque
1168 3613 1236 3666 anim
1255 3612 1364 3680 amplius

262 3687 352 3733 eoum-a
370 3679 427 3734 illa·
447 3687 518 3734 utare
537 3682 624 3736 hortea
648 3689 776 3752 poterunt.
812 3681 889 3746 Quod
909 3699 947 3746 aa,
965 3681 1076 3735 diluenlo
1098 3684 1259 3752 propatulum
1281 3682 1364 3733 {omn

261 3749 348 3813 nacti,
364 3749 401 3801 ibi
414 3750 560 3803 eonstitutia
572 3752 745 3805 tabernaculis
758 3751 928 3815 comederint,
946 3767 1029 3820 uaqm
1042 3751 1107 3803 adeo
1120 3751 1234 3820 expedit,
1251 3750 1279 3802 iu
1293 3749 1365 3803 eim-

261 3817 401 3902 modiloco
419 3818 605 3904 dimicationem
625 3829 773 3904 nocturnam
792 3820 866 3902 lierie
887 3825 990 3890 oportet
1011 3819 1101 3873 ducem
1121 3835 1178 3872 oum
1200 3817 1365 3902 ροάοεετίοον

261 3886 1366 4037 tlllllllltfllzsllsslllllll.ll?llllnlsslllllfflz
1389 3951 1398 3974 ·

261 4026 395 4093 quoniam,
413 4035 442 4078 ut
460 4026 607 4091 docuimus,
623 4027 760 4082 universae
778 4027 812 4080 ed
831 4027 976 4080 barbariem
995 4027 1119 4080 (lucentes
1136 4026 1196 4080 viae
1208 4027 1236 4078 in
1247 4024 1365 4078 omnibu
1423 4035 1427 4044 ’

261 4109 327 4162 quaa
352 4095 496 4148 annumerari
512 4095 677 4166 propriiaque
695 4095 777 4150 omilin
798 4095 907 4149 imavi
922 4095 1076 4166 φτοτὶαοίἱτ,
1099 4093 1220 4148 dillioilaa
1239 4099 1299 4148 aunt
1316 4108 1365 4163 per

261 4167 360 4216 monuo
386 4171 519 4234 utramque
542 4165 673 4235 regionem
690 4165 914 4230 diatenninantee‚
938 4181 1050 4236 propera
1070 4181 1260 4234 praeoooapare
1276 4178 1365 4216 eorum

261 4232 414 4296 tramitum,
430 4234 507 4287 etad
528 4233 604 4303 rigna
622 4243 712 4305 aperta
732 4233 783 4288 illia
806 4233 940 4288 inlerenlla
952 4235 1063 4288 fidenter
1084 4235 1183 4286 instruo
1195 4232 1292 4302 copim.
1327 4231 1366 4283 lte

262 4299 365 4426 exigi?
388 4301 439 4360 Dei
465 4304 548 4358 nostri
573 4305 660 4374 gratia
684 4303 833 4378 superabit,
856 4303 967 4374 illosque
989 4303 1113 4358 oliaiaotoa
1142 4307 1258 4356 extremo
1276 4297 1366 4354 uota

263 4385 279 4424 ε
