2994 4796
407 359 453 432 ΙΝ
470 355 713 430 THEODOSII
731 354 965 430 ACROASES
1150 345 1228 440 629
1297 422 1300 429 .

151 518 250 596 inisse,
270 515 338 598 qaia
352 512 502 578 Hannibal
526 535 597 576 eum
613 513 749 580 exercitu
767 511 839 582 estis
851 533 959 597 magno
968 515 1093 581 Romans
1106 539 1228 600 aggi-ae..

146 603 230 664 'surus
249 601 279 660 in
299 601 383 660 ltalia
397 601 646 679 commorabatur.

225 677 404 767 1111ςῆυὸ
419 679 548 764 Σύλλας]
570 683 763 746 obsidionem
782 681 895 762 aSylla
909 677 1034 746 Athenis
1047 683 1226 768 impositam,

147 769 217 856 ἔργῳ
229 765 281 850 μὲν
297 763 497 852 aduersitate,
517 774 556 854 τῇ
568 767 601 832 di
617 763 686 853 δόξῃ
704 761 931 851 λαμπροτάτην,
946 770 1120 845 saetosam
1139 768 1229 836 haud

145 877 299 934 megaera,
329 853 383 914 red
404 855 509 935 gloria
531 855 745 928 clarissimam,
765 853 897 934 appellat
917 853 1094 916 Plutarchus
1111 856 1146 916 in
1163 859 1228 918 vita

144 940 237 1018 Syllae
250 961 280 1020 p.
298 944 368 1006 102
385 939 577 1000 Athenienses
594 939 671 998 enim
686 958 720 998 so
734 937 876 1018 ternpore,
898 947 934 996 ut
947 937 1083 1000 observat
1096 939 1228 1004 Velleius

141 1024 248 1088 Histoe.
261 1026 349 1084 Rosa.
367 1015 419 1088 lib.
435 1023 471 1084 ll.
488 1044 554 1103 cap.
570 1024 629 1102 25,
650 1026 784 1103 oppressi
797 1021 991 1081 Mithridatis
1004 1027 1108 1102 arma,
1127 1025 1231 1084 domi.
1343 1035 1346 1046 ·

139 1131 191 1171 res
213 1111 397 1167 miserrimae
419 1105 618 1184 conditionis,
640 1129 709 1166 eum
722 1107 761 1166 ab
775 1110 908 1166 inimicis
927 1119 1109 1188 tenerentur,
1130 1129 1230 1190 oppu-

137 1194 366 1272 gaudanenses
383 1197 507 1269 amicis,
530 1206 558 1252 et
571 1197 690 1255 animoa
703 1204 787 1250 extra
798 1195 924 1263 moenia
945 1214 1081 1272 corpora,
1101 1197 1231 1254 necessi—

140 1281 199 1340 tati
215 1283 388 1356 servientes,
409 1283 493 1337 intra
514 1301 618 1338 muros
638 1277 800 1340 habebant.
842 1278 1076 1358 Praetereaque
1096 1288 1230 1362 tempore

140 1363 266 1424 Athenas
287 1365 369 1444 Sylla
387 1363 556 1442 obsidebat,
577 1384 716 1442 maguum
738 1382 808 1423 sane
826 1383 931 1443 passae
949 1371 1020 1424 suut
1043 1384 1080 1424 ex
1093 1363 1160 1444 igne
1178 1367 1244 1439 des

140 1449 328 1524 trimentum,
357 1449 394 1506 ab
423 1448 649 1509 Atheniensibus
679 1447 753 1527 ipsis
784 1446 907 1508 hostiles
936 1447 1087 1510 machinae
1114 1450 1230 1510 confla·

139 1553 221 1614 grase
243 1531 430 1594 studentibus
452 1533 583 1614 primurn
602 1525 750 1594 vsumitate:
779 1531 831 1612 qui
855 1531 961 1592 deinde
984 1533 1082 1613 Syllae
1103 1534 1228 1614 consilio

139 1620 251 1678 saevius
267 1618 355 1678 etiam
377 1619 503 1696 exarsit,
526 1619 597 1676 dum
615 1618 716 1677 Piraeo
733 1626 820 1698 capto
833 1611 870 1678 rei
889 1622 1012 1680 πλεῖστα
1030 1617 1229 1684 κατέκαυσεν·

140 1693 182 1766 aiv
210 1696 250 1782 ἦν
271 1701 322 1765 καὶ
346 1705 482 1776 Φίλωνος
502 1695 680 1782 ὁπλοθήκη,
705 1695 937 1780 θαυμαζόμενον
958 1701 1059 1783 ἔργον,
1081 1705 1229 1784 pleraque
1250 1705 1282 1760 Ρ.
1297 1707 1350 1764 377

138 1789 350 1866 inflammarit,
367 1789 400 1845 in
415 1787 524 1866 quihus
540 1787 808 1845 armamentarium
822 1785 972 1860 Philonis,
994 1788 1134 1846 inclitam
1147 1809 1233 1868 opus,
1248 1776 1304 1830 ⁰⁰¹⁴
1319 1780 1332 1832 ¹

131 1874 215 1950 fuit,
245 1873 324 1930 sicut
342 1881 468 1931 testatur
487 1871 678 1950 praelaudato
698 1871 767 1930 loco
788 1867 967 1930 Plutarchus
985 1891 1052 1950 pag.
1067 1873 1117 1940 65.
1161 1867 1231 1934 Huc

136 1956 235 2034 itaque
257 1957 381 2037 respicit
401 1955 601 2032 Theodosius,
631 1956 703 2015 dum
725 1953 824 2034 Syllae
848 1954 956 2015 virtuti
974 1975 1148 2017 succensere
1165 1969 1230 2018 stu.
1266 2019 1271 2028 ,

138 2039 225 2117 alens,
253 2061 321 2100 eum
337 2041 371 2099 in
392 2039 579 2102 Athenarum
602 2039 824 2123 oppugnatione
849 2037 926 2101 nihil
944 2041 1093 2125 praeclari
1108 2043 1230 2123 gessisse

137 2124 272 2185 affirmat.

221 2214 271 2276 10.
291 2203 398 2272 linteis
418 2201 597 2300 ain’sderie]
624 2207 660 2268 ln
676 2207 852 2270 Corneliana
867 2205 996 2268 editions
1013 2205 1162 2270 claudicat
1177 2205 1231 2272 hio

136 2312 239 2352 versus
247 2338 256 2370 ,
279 2313 367 2373 quern
382 2305 483 2354 tamen
495 2295 582 2355 facile
598 2295 751 2372 restitues,
772 2295 798 2353 si
815 2293 970 2354 nobiscum
983 2293 1022 2356 ed
1035 2293 1126 2360 fidem
1140 2295 1230 2357 eodi-

136 2379 179 2440 cis
191 2379 353 2438 articulum
366 2384 421 2460 τῆς
434 2389 502 2439 ante
516 2401 620 2440 vocem
637 2382 756 2460 σφαγῆς
769 2377 964 2459 suppleveris.

220 2469 270 2530 11.
296 2467 347 2538 Τίς
365 2457 406 2544 ἦν
425 2463 442 2528 b
459 2465 588 2546 Καῖσαρ]
618 2465 652 2522 G.
675 2463 786 2523 lulium
807 2464 958 2523 Caesarem
977 2461 1152 2541 innumera,
1179 2483 1230 2524 ea-

135 2568 193 2630 que
209 2547 385 2610 difficillima
406 2550 583 2621 certamine,
604 2549 684 2610 felici
701 2548 785 2610 exitu
796 2547 919 2611 subiisse
935 2549 1065 2626 [statues
1085 2547 1138 2612 sed
1152 2549 1231 2628 duce

132 2635 255 2694 tortum
271 2634 391 2715 potius,
414 2655 501 2714 quam
517 2635 629 2694 virtute
643 2644 756 2702 censet.

220 2712 461 2801 11Ἀφύρτοις]
492 2720 537 2780 lta
557 2719 631 2779 haec
646 2739 708 2780 vox
731 2717 842 2798 legitur
865 2717 899 2778 in
922 2715 1045 2795 Codice,
1072 2713 1124 2777 sed
1143 2717 1230 2778 reati-

133 2800 278 2860 tuendum
293 2823 354 2861 esee
367 2803 491 2862 verbum
504 2799 665 2886 α’φύκτοις,
687 2805 761 2863 bene
778 2803 897 2863 monuit
912 2803 1074 2864 Cornelius.
1100 2798 1231 2888 [Ἄψυρ-

133 2908 181 2948 τοι
200 2885 367 2963 συμπλοκαὶ
386 2907 448 2946 esss
460 2887 602 2948 videntur
621 2887 842 2965 congressiones
855 2889 1040 2948 exercituum
1059 2887 1135 2948 bene
1149 2907 1231 2946 com.

132 2969 266 3052 poeitae,
296 2967 373 3028 nihil
396 2971 627 3050 perturbationis
647 2971 797 3030 habentes.
841 2965 983 3052 α’φύρτως
1006 2991 1075 3030 cunr
1096 2969 1230 3051 ἐμμελαὸς

133 3055 237 3114 iunxit
251 3053 380 3136 scriptor
399 3055 481 3116 Vitae
497 3055 613 3116 Nicolai
633 3057 766 3119 Damaso.
783 3057 816 3114 in
835 3054 998 3115 Prodrorno
1020 3056 1097 3135 βιβλ.
1117 3055 1229 3136 ἑλληνι-

133 3145 191 3220 κῆς
205 3161 222 3198 a
237 3139 329 3198 Corsi}
344 3139 439 3200 editae
454 3162 485 3220 p.
500 3146 571 3207 227.
587 3139 638 3199 uhi
653 3139 749 3200 editor
760 3160 792 3220 p.
807 3143 879 3206 363.
899 3141 1061 3219 spurinnae
1075 3134 1108 3201 ed
1126 3133 1230 3220 αόύρ·

134 3249 192 3298 τως
206 3223 256 3288 tet
271 3231 326 3288 τοῦ
340 3219 519 3306 ἀσυγχύτους,
536 3224 568 3288 ἐν
578 3217 682 3288 ου’δενί
692 3247 752 3288 που
766 3220 892 3304 εὑρεθὲν
903 3217 925 3303 ἦ
933 3223 1016 3308 ἐντῷ
1031 3217 1156 3304 παρόντι
1169 3225 1228 3308 βίῳ

136 3303 310 3388 Νικολάου,
334 3307 500 3390 saliatem
516 3309 549 3372 λυ
566 3315 607 3394 τῷ
620 3309 840 3392 inridemini
854 3305 974 3393 deesse
986 3311 1041 3391 τῆς
1054 3309 1229 3392 συνηθείας,

135 3387 158 3474 οἳ
169 3395 220 3454 καὶ
233 3391 265 3456 τὰ
279 3393 419 3458 ἐπίθετον
433 3391 583 3476 ’Ἇφυρτος
599 3389 735 3472 ἐφύλαξε.
752 3395 784 3456 F.
799 3391 834 3474 l.]

132 3529 138 3542 .
220 3482 267 3544 1³.
294 3480 345 3552 Τίς
366 3471 406 3560 ἦν
431 3479 554 3560 ἐκεῖνος]
585 3474 1012 3560 lteticstpotitalmperatoris
1032 3491 1158 3551 nomen,
1188 3471 1227 3537 ds

134 3583 194 3642 quo
207 3559 259 3620 hic
272 3563 418 3642 loquitur:
440 3564 562 3625 historia
576 3573 690 3640 tamen,
714 3584 803 3644 quani
820 3561 959 3632 adducit,
982 3561 1075 3641 clare,
1096 3565 1130 3619 ut
1143 3559 1227 3619 arhi-
1281 3611 1291 3620 .

132 3657 215 3722 teor,
244 3647 406 3724 Augustum
430 3650 570 3727 designat.
613 3649 733 3709 Celebre
751 3657 796 3708 est
811 3646 915 3707 navale
933 3645 1081 3726 praelium
1102 3643 1139 3704 ab
1156 3645 1228 3704 Au·-

132 3741 219 3811 gusto
237 3743 339 3790 contra
356 3736 476 3794 Sextum
491 3734 663 3814 Pompeium
678 3753 772 3814 prope
787 3731 950 3792 Messanam
964 3729 1171 3806 commissum,
1192 3729 1227 3788 iu

133 3837 193 3896 quo
212 3817 377 3895 Augustus,
398 3819 491 3878 Dione
504 3829 577 3878 teste
597 3819 648 3878 lib.
662 3815 803 3898 XLIX.§
823 3819 852 3884 5.
874 3836 939 3898 pag.
954 3817 1033 3894 573,
1054 3835 1116 3875 non
1132 3813 1222 3874 modo

131 3901 270 3961 maiorem
283 3923 352 3961 suae
365 3903 465 3962 classis
478 3914 593 3983 partem
604 3903 717 3980 amisit,
740 3905 791 3963 sed
805 3921 911 3982 pamm
924 3901 1012 3960 etiam
1025 3899 1129 3976 abfuit
1151 3897 1228 3978 quin

20 3983 23 3994 ’
131 3987 196 4067 ipse
207 3987 328 4066 periret.
370 3989 417 4048 aa
432 3987 509 4048 hanc
529 3987 642 4048 cladem
656 3989 764 4048 alludit
784 3987 886 4060 suam,
908 3995 942 4046 ut
958 3985 1079 4046 videtur
1086 4030 1095 4063 ,
1118 3985 1227 4044 Sueto·

130 4073 200 4130 niue
219 4072 251 4130 in
267 4073 393 4152 Augusti
407 4073 469 4132 vita
491 4093 555 4152 cap.
575 4093 646 4151 xvr,
669 4073 755 4134 cuius
776 4071 850 4132 haec
868 4080 939 4130 sunt
952 4070 1058 4132 verber
1085 4057 1224 4129 Treiecto

131 4158 165 4215 in
186 4157 324 4216 Siciliam
339 4155 492 4235 exercita,
504 4179 574 4217 cum
593 4157 638 4216 ad
648 4170 770 4238 partem
784 4158 934 4236 reliquam
954 4159 1113 4236 copiarum
1127 4155 1225 4212 eonti-

130 4251 244 4300 reentem
257 4254 409 4322 repeteret,
432 4265 638 4323 oppressurae
655 4245 818 4323 improviso
837 4263 858 4299 a
871 4241 1060 4300 Demochare
1079 4251 1108 4298 et
1125 4237 1226 4316 Apol·

131 4326 260 4406 lophaim
269 4331 434 4408 praesectis
445 4331 599 4410 Pompeii,
620 4351 682 4390 reno
698 4326 818 4390 &mum
830 4328 956 4408 navigio
969 4327 1131 4406 aegerrime
1143 4323 1225 4404 effu·

197 4431 251 4486 Leo
267 4433 405 4487 Dianoeas.
975 4410 1019 4476 34

1485 3457 1487 3566 l

1473 3685 1477 3700 ·

1484 3813 1487 3910 l

1482 4043 1487 4172 ,

1485 4177 1487 4262 t
