2956 4800
222 383 289 429 vru
653 367 909 437 PRAEFA'I'IO.

222 526 327 583 merium
351 531 399 581 eet.
450 526 544 580 Verum
566 522 595 580 in
617 527 670 580 tem
691 525 824 595 proooloro
846 540 925 596 opere
947 522 1088 578 crudeliter
1119 523 1180 578 lueit
1206 524 1320 589 fortuna,

135 629 140 634 ’
194 654 299 710 ·qunm
319 636 437 692 maiorem
461 636 633 708 exemplorum
654 641 752 708 portem
770 635 906 706 ιιιιιίιιςὶο
930 651 1000 689 mere
1019 635 1150 702 benerit}
1176 641 1206 690 ut
1229 633 1319 705 peuri·

223 753 265 802 tee
287 747 453 820 aperetitum
475 754 504 803 et
518 747 604 820 pretio
621 749 650 803 et
666 747 775 802 reritnte
795 746 889 802 librum
905 762 922 800 e
938 744 1054 816 plurimis
1075 747 1214 816 expetitum
1228 765 1247 804 e
1263 751 1319 822 pri-

221 865 341 914 vntorum
363 859 526 914 bibliothecis
552 859 609 914 fere
632 856 787 913 excluderet
827 857 920 929 Itaque
943 861 1098 926 compertum
1121 857 1203 913 lrebeo
1225 859 1319 914 multoe

221 967 273 1025 eibi
295 969 469 1041 gratulaturus
497 989 555 1025 esee
575 969 729 1042 repetitione
750 973 840 1024 norb-e
861 970 928 1026 inmo
950 967 1074 1022 sublatam
1097 985 1154 1022 eree
1176 972 1319 1042 querelomt

222 1097 313 1136 rernm
328 1085 402 1137 tento
419 1081 596 1136 cumulatiora
613 1085 694 1152 egent
709 1081 790 1134 Hueio
808 1081 921 1151 gratier,
938 1086 1049 1154 quodie
1065 1087 1156 1142 librum
1171 1099 1245 1154 quem
1261 1082 1319 1154 ipro

221 1192 359 1247 trnotendo
387 1191 528 1264 expolivit,
559 1191 633 1247 nobie
654 1189 849 1246 exscribendum
870 1195 1005 1249 oonoeeeit
1048 1198 1187 1252 Praetereo
1210 1195 1239 1251 in
1261 1193 1320 1250 edi-

224 1303 293 1358 tione
308 1307 412 1368 noetre,
435 1309 466 1356 ut
481 1301 601 1358 institute
622 1301 738 1358 universi
759 1301 847 1374 operit
862 1303 930 1358 rutio
946 1312 1110 1374 remoretur,
1134 1323 1255 1364 annorum
1271 1323 1318 1360 ro·

222 1413 287 1468 tutio
309 1412 419 1468 uooereit
440 1413 614 1486 quedruplexr
644 1413 679 1468 eb
701 1413 803 1484 origine
822 1415 910 1469 mundi
932 1417 1069 1473 eorundum
1086 1419 1219 1484 Graecos,
1241 1433 1319 1472 neree

222 1523 337 1595 vulgaria
360 1523 536 1590 emittimur,
560 1523 726 1592 indietiouio,
748 1541 780 1580 nu
800 1523 913 1598 denique
930 1527 1128 1600 imperatorum
1152 1545 1227 1600 quiem
1244 1527 1320 1581 Clue-

221 1653 298 1690 reuue
313 1653 386 1690 mene
401 1635 595 1707 diligentinime
614 1635 739 1706 digeeeit,
760 1635 892 1693 doomtem
914 1647 1019 1694 reontno
1035 1639 1157 1704 Herium,
1180 1637 1226 1710 qni
1243 1639 1319 1692 obro-

223 1745 353 1818 uologicee
374 1763 477 1819 quoquo
497 1747 611 1802 rotiouoe
635 1753 757 1801 eoonreto
771 1747 801 1802 in
816 1749 1023 1804 annotetiotribue
1045 1749 1176 1804 tencterit
1217 1747 1320 1802 Omieee

221 1875 282 1914 ereo
301 1875 453 1930 gemimorum
469 1863 581 1930 ectypo,
605 1875 673 1930 quoe
688 1857 833 1913 Pariuinnm
849 1861 986 1916 editionem
1002 1866 1110 1926 ornent,
1132 1877 1205 1914 nono
1221 1875 1318 1929 uequur

222 1955 398 2041 riluperubit‚
422 1969 468 2040 qui
490 1969 648 2041 propositum
670 1975 785 2024 nostrum
810 1971 988 2042 perspexerit,
1012 1989 1081 2043 quo,
1111 1975 1141 2023 ut
1163 1951 1318 2040 quamplu-

222 2079 293 2134 rimie
311 2079 477 2145 oouruletur‚
493 2079 573 2134 rolnm
588 2080 740 2146 utilitatem,
760 2089 859 2136 remote
875 2081 990 2153 pretioue
1005 2081 1150 2152 elegantia,
1178 2087 1321 2134 reotomurr
1424 2097 1429 2110 ·

223 2197 393 2246 rerumtrmen
415 2191 465 2246 lroo
487 2189 622 2246 dolendum
641 2197 698 2258 eet,
722 2189 773 2248 iem
789 2189 873 2248 omitti
889 2191 987 2264 purltoe
1003 2192 1124 2250 debuine
1139 2208 1208 2263 quoe
1223 2190 1321 2246 limine

222 2301 414 2374 elegnnb'edme
428 2301 463 2358 de
478 2301 513 2356 iio
528 2300 679 2374 dieputnvit.

289 2481 396 2540 Librum
413 2480 447 2536 de
463 2483 612 2539 velitatione
633 2481 728 2538 bollire
750 2499 797 2537 noo
822 2499 943 2558 quoque,
966 2483 1090 2539 editorem
1113 2481 1251 2556 prinoipem
1276 2501 1318 2538 ee·

222 2593 293 2659 nuti,
321 2593 403 2648 Leoni
438 2595 554 2649 comitem
584 2594 716 2650 dedimus:
752 2594 855 2650 toenrte
883 2595 1100 2668 Epipheuiermie‚
1126 2594 1319 2666 Tbeodoriique

222 2703 340 2760 nometi
356 2704 501 2776 momente
517 2703 576 2761 eliie
592 2705 656 2761 looie
675 2704 818 2762 collectioni
836 2711 941 2762 uortree
956 2705 1108 2762 immemor.

292 2885 372 2953 Quod
389 2901 451 2941 roro
473 2884 508 2940 nd
528 2884 631 2956 relirpue
647 2883 756 2952 uttinet,
779 2901 873 2956 magno
890 2902 952 2940 enne
975 2903 1038 2942 uene
1055 2905 1111 2942 eum
1127 2888 1248 2942 lortuneo
1264 2903 1320 2940 mu·

222 3015 300 3069 rere,
321 2997 393 3070 quod
416 2995 548 3051 Inoobeiuo
568 3013 595 3050 r.
619 2995 655 3050 ill.
679 2995 784 3050 honorio
806 2997 858 3052 mei
880 3015 975 3065 oeuoe,
1007 2997 1132 3070 iueignem
1155 2997 1321 3052 divinationi·

132 3075 135 3084 Ι
223 3109 288 3176 vim,
313 3127 366 3184 qne
389 3108 486 3182 pollet,
513 3108 548 3163 ud
570 3106 740 3162 nudandae
764 3107 906 3162 Theodosii
928 3126 1048 3164 erronee
1069 3110 1216 3174 convertit,
1242 3125 1273 3163 no
1288 3123 1321 3160 oe

222 3221 335 3276 taedium
352 3219 454 3293 quidem
470 3220 505 3274 nd
520 3227 573 3275 tum
589 3217 705 3292 putidum
722 3219 874 3290 eoriptorem
891 3220 1060 3274 ooueinnendi
1080 3219 1175 3274 indioie
1190 3217 1321 3273 detrecto·

223 3331 276 3386 vit=
297 3333 451 3404 multumque
467 3332 564 3388 debent
579 3331 692 3386 inetituti
708 3329 791 3384 noetri
808 3331 923 3385 inutoree
939 3331 1072 3396 berredo,
1093 3329 1150 3386 niro
1166 3330 1194 3384 in
1210 3327 1320 3384 direrrir

222 3440 364 3496 litterarum
388 3443 526 3513 generibue
549 3441 715 3508 doctieeirno,
745 3441 791 3514 qui
813 3457 846 3496 ex
869 3441 943 3496 librio
964 3429 1077 3498 Arabum
1108 3457 1175 3514 queo
1197 3441 1232 3496 td
1254 3441 1321 3496 troo

222 3550 355 3608 bieloriem
371 3554 502 3626 pertinent
517 3551 662 3626 exeerprit,
678 3552 817 3624 vertitque.

291 3711 417 3770 Novello:
439 3713 583 3786 Nioeplrori
605 3713 723 3781 Phooee,
749 3715 875 3789 equibue
896 3731 948 3770 une
964 3715 1116 3796 pruerertp'm
1133 3712 1168 3768 ed
1183 3714 1322 3768 iniormtn-

193 3867 198 3874 .
223 3821 283 3880 dom
298 3823 350 3878 viri
365 3824 492 3880 notionem
508 3825 611 3880 multum
628 3825 711 3892 velet,
727 3843 762 3882 ex
777 3825 935 3881 hunelerio
951 3825 1063 3897 eumpei3
1080 3824 1235 3896 Luitpruudi
1250 3824 1322 3894 lege-

224 3935 333 4002 tionem,
355 3933 436 3991 livore
453 3940 481 3991 et
498 3935 557 3991 odio
574 3935 691 4010 plenmn,
713 3954 802 3993 verum
823 3937 862 3992 eie
879 3950 981 4009 quoque
996 3935 1031 3990 ed
1047 3951 1131 3990 rerum
1154 3933 1323 4005 coguitionem

221 4045 398 4112 utiliudmum
421 4065 455 4102 ex
476 4047 615 4104 Muretorii
635 4047 807 4119 roriptoribue
831 4063 916 4104 rerum
933 4045 1088 4102 ltdioerom.
1127 4043 1195 4100 Nom
1210 4041 1323 4096 editione

224 4156 340 4230 prinoipe
363 4159 498 4213 cerebrm:
523 4158 688 4229 oodioemquo
710 4157 896 4214 Trevireneem
921 4157 1041 4224 ιιιιὶοιιιιι,
1063 4171 1096 4212 ex
1119 4171 1170 4225 quo
1192 4152 1260 4208 illem
1276 4169 1324 4206 ex·

223 4268 354 4340 prorueret
378 4267 512 4334 Gouiriue,
543 4259 595 4324 non
623 4267 735 4325 inveniri
758 4270 825 4326 inter
856 4287 902 4326 eor
934 4285 999 4340 quoe
1023 4273 1162 4339 temporum
1187 4261 1325 4335 iniquitute
