3038 4796
443 411 504 476 AD
526 407 811 477 NICEPHORUM
831 408 1023 476 PHOCAM.
1185 397 1259 475 359

166 567 241 646 lati,
264 563 311 642 ὀ)
333 567 451 643 criniti,
472 567 682 627 talari'tunica
703 567 802 626 induti
821 587 912 646 penes
932 587 987 626 nos
1007 565 1157 645 equitant,
1180 569 1261 630 ince-

167 671 243 729 dunt
252 714 261 746 ,
283 677 399 729 mensa'e
412 671 552 746 assident,
574 679 612 744 et,
633 671 715 749 quod
728 669 838 729 nostris
854 667 991 727 omnibus
1006 667 1095 727 nimis
1111 679 1199 749 turpe
1212 671 1261 731 vi-
1350 715 1357 727 .

166 771 271 848 detur,
292 771 352 852 ipsi
372 771 429 830 soli
446 771 541 852 capite
563 782 667 852 operto
682 773 878 852 Imperatores
903 777 1021 830 nostro's
1041 769 1260 834 deosculantur.

166 871 257 947 Quod
271 893 333 944 non
349 873 476 954 amplius
492 871 558 935 fieri
574 875 651 933 Deus
665 869 834 955 permittat,
855 871 965 932 taeitm
983 870 1057 934 dixi.
1101 873 1291 935 Reverterec

165 993 252 1052 orgo,
278 974 394 1054 inquit:
416 975 500 1058 quod
519 995 588 1036 cum
603 977 749 1051 facerem,
772 979 937 1036 occurrunt
955 973 1029 1032 mihi
1043 973 1192 1034 commisti
1208 995 1260 1033 ca·-

163 1077 258 1157 preis,
288 1097 363 1155 quos
391 1077 449 1158 ipsi
474 1076 597 1156 dicunt,
627 1077 739 1157 onagri.
790 1076 849 1138 Sed
877 1095 984 1155 quaeso
1006 1077 1108 1156 quales
1132 1076 1258 1156 onagri'i

165 1179 268 1258 quales
283 1189 354 1238 sunt
370 1179 530 1237 Cremonae
545 1177 708 1240 domestici.
750 1179 840 1238 Color
852 1169 942 1254 idem,
963 1179 1060 1237 forma
1075 1178 1186 1254 eadem,
1208 1198 1259 1237 au-

164 1280 217 1340 riti
238 1280 360 1358 itidem,
381 1281 502 1341 vocales
524 1281 661 1341 similiter
683 1274 752 1360 cum
770 1279 877 1341 rudere
898 1278 1066 1360 incipiunt,
1086 1281 1257 1358 magnitudo
1296 1301 1298 1306 ¹

163 1403 226 1441 non
241 1382 358 1463 dispar,
378 1382 524 1443 velocitas
542 1403 621 1460 uns,
641 1383 744 1443 dulces
764 1381 844 1462 lupis
861 1401 972 1462 aeque3
995 1400 1069 1462 quos
1088 1396 1157 1441 cum
1174 1381 1258 1442 ride.

162 1501 243 1560 rem,
261 1483 443 1563 coequitanti
457 1485 570 1546 Graeco
584 1485 725 1564 inquam:
751 1482 922 1545 huiusmodi
933 1503 1095 1564 numquam
1113 1484 1146 1543 in
1161 1485 1258 1544 Saxo-

163 1586 212 1645 nis
227 1585 299 1647 vidi.
343 1585 391 1662 si,
412 1587 527 1665 inquit,
547 1567 691 1647 Dominus
711 1597 781 1646 tuus
797 1587 908 1648 Sancto
928 1585 1106 1666 Imperatori
1124 1585 1255 1664 morige-

162 1695 246 1748 ratus
262 1688 368 1765 fuerit,
391 1689 502 1748 multos
514 1687 561 1747 illi
575 1687 750 1749 huiusmodi
766 1687 864 1766 dabit,
891 1688 1005 1768 eritque
1017 1687 1064 1746 illi
1078 1705 1141 1747 non
1160 1706 1256 1767 parva

162 1789 254 1868 gloria
261 1833 272 1866 ,
299 1811 367 1850 cum
381 1791 445 1872 ipse
459 1789 640 1872 possidebit,
664 1789 744 1869 qnod
760 1809 849 1850 nemo
863 1789 1053 1850 dominorum
1067 1788 1256 1850 decessorum

162 1890 389 1953 snorumxidit.
433 1891 492 1952 Sed
511 1891 585 1951 mibi
600 1893 712 1953 credite
725 1891 844 1953 Domini
857 1891 916 1952 mei
929 1890 1072 1970 Augusti,
1103 1891 1255 1950 confrater
1287 1881 1290 1889 ’

162 2001 193 2051 et
216 1993 418 2073 coepiscopus
445 2013 528 2054 meus
556 1993 700 2054 Dominus
723 1994 876 2055 Antonius
892 2001 991 2074 potest
1014 2013 1077 2052 non
1099 1991 1286 2053 inferioresD

162 2091 247 2172 dare,
274 2104 309 2154 ut
328 2095 504 2156 commercia
518 2105 680 2176 testantur,
699 2117 773 2176 quae
790 2097 868 2158 fiunt
883 2077 1059 2158 Cremonaes
1087 2105 1175 2174 atque
1193 2093 1255 2174 ipsi

161 2215 225 2255 uon
246 2195 366 2276 onagri,
391 2199 444 2258 sed
463 2197 635 2276 domestici;
663 2219 726 2258 non
742 2199 848 2278 vacui,
870 2199 924 2260 sed
939 2197 1053 2258 onerati
1074 2195 1265 2278 procedunt..

161 2297 220 2356 Sed
235 2317 305 2358 cum
326 2319 358 2358 ea
382 2301 520 2380 superius
541 2299 653 2382 scripta
673 2301 764 2361 rerba
781 2301 861 2362 idem
881 2298 1051 2380 Nicephoro
1072 2297 1251 2374 nunciasset,

159 2401 340 2462 transmissis
359 2401 565 2462 mih'rduabus
584 2401 715 2481 capreis,
737 2410 774 2461 ut
791 2403 903 2470 abirem
917 2400 1069 2461 licentiam
1084 2395 1175 2458 dedit.
1214 2395 1252 2456 In

162 2503 326 2563 erastinum
347 2515 447 2564 autem
469 2504 587 2585 Syriam
605 2521 710 2564 versus
728 2505 889 2585 profectus.
931 2501 990 2563 Sed
1015 2521 1069 2561 cur
1087 2498 1252 2560 exercitum

160 2623 243 2664 stunc
261 2605 295 2664 in
307 2605 443 2688 Assyrios
462 2605 601 2684 duxerit,
624 2599 732 2686 quaeso
752 2606 906 2668 advertite.
953 2601 1073 2665 Habent
1094 2599 1201 2662 Graeci
1222 2609 1253 2660 et

160 2708 300 2767 Saraceni
320 2709 429 2785 libros,
459 2729 533 2788 quos
556 2702 689 2791 ὁράσεις,
717 2709 780 2769 siva
802 2709 933 2770 visiones
963 2705 1093 2766 Danielis
1120 2712 1233 2764 vocant
1240 2723 1250 2777 3

161 2827 215 2888 ego
236 2821 334 2870 autem
350 2811 526 2891 SibyDinos:
548 2809 580 2870 in
595 2793 702 2890 qiaibns
718 2812 864 2891 scriptum
883 2809 1047 2890 reperitur,
1069 2813 1144 2886 quot
1165 2803 1250 2863 sums

161 2912 326 2992 imperator
344 2915 467 2994 quisque
485 2913 583 2974 vivat:
605 2932 680 2992 quaa
700 2913 760 2972 sint
771 2914 887 2988 lutura,
909 2929 944 2969 eo
957 2907 1155 2989 imperitante,
1176 2913 1250 2963 tem-

159 3033 254 3097 pora,
281 3035 360 3096 pax,
380 3037 418 3075 an
440 3016 592 3091 simultas,
612 3013 759 3074 secundae
777 3016 991 3076 Saracenorum
1012 3027 1119 3072 resen
1141 3006 1250 3067 adam·

159 3139 218 3181 sse.
260 3119 381 3199 Legitur
393 3117 512 3198 itaque,
532 3115 623 3177 buius
634 3115 794 3198 Nicephori
807 3113 992 3197 temporibus
1006 3109 1145 3190 Assyrios
1158 3108 1278 3167 Grae-ll

160 3222 204 3282 cis
227 3241 290 3283 non
305 3242 392 3303 posse
404 3221 555 3298 resistere,
575 3217 717 3297 huncque
731 3217 886 3298 septennio
904 3224 1023 3276 tantum
1041 3211 1160 3273 vivere:
1180 3215 1251 3288 post

91 3344 100 3362 ¹
160 3327 245 3386 cuius
260 3325 374 3386 obitum
391 3323 598 3404 imperatorem
610 3321 668 3380 isto
684 3319 859 3380 deteriorem
879 3314 945 3402 (sed
956 3318 1049 3375 timeo
1064 3311 1147 3394 quod
1161 3309 1248 3370 inve-

96 3481 98 3486 .
159 3429 219 3489 niri
239 3449 301 3488 non
320 3423 428 3509 possit)
450 3435 480 3485 et
499 3423 590 3503 magis
608 3423 756 3482 imbellem
775 3422 882 3483 debere
902 3437 1038 3498 surgere;
1068 3413 1153 3475 cuius
1167 3421 1249 3472 tem-

159 3529 282 3610 poribus
293 3529 462 3610 praevalere
470 3527 577 3588 debent
592 3525 664 3586 adeo
676 3525 801 3605 Assyrii,
814 3533 848 3585 ut
860 3523 893 3584 in
903 3517 1131 3582 Chalcedonism
1144 3531 1245 3594 usque,

159 3651 236 3709 quae
255 3631 346 3691 distat
368 3627 625 3708 Constantinopoli
643 3627 726 3686 baud
746 3629 850 3706 longe,
871 3624 1050 3708 potestative
1069 3625 1179 3679 cuncta
1192 3614 1247 3675 de

159 3734 249 3793 beant
263 3733 405 3792 obtinere.
448 3729 642 3790 considerant
657 3731 735 3790 enim
749 3729 867 3810 utrique
880 3739 1031 3808 tempora,
1052 3741 1112 3782 ursa
1127 3717 1246 3778 eadem-

159 3853 221 3916 que
242 3853 275 3893 re
296 3833 401 3893 Graeci
417 3831 539 3893 animati
561 3832 771 3911 insequuntur,
792 3831 930 3893 Saraceni
949 3823 1097 3908 desperati
1119 3841 1181 3881 non
1199 3837 1246 3879 re-

159 3935 285 3996 sistunt:
314 3945 430 4017 ternpus
454 3942 659 4016 expectantes,
689 3955 756 3994 cum
778 3943 808 3994 ot
830 3933 888 4014 ipsi
907 3932 1119 4008 insequantur,
1141 3919 1247 3982 Graeci

158 4038 266 4098 iterum
279 4057 340 4098 non
350 4037 491 4099 resistunt
499 4035 553 4123 ⁸⁰).
575 4035 633 4098 Sed
640 4035 821 4118 Hippolytus
831 4033 948 4114 quidam
957 4028 1119 4092 Siciliensis
1128 4026 1249 4108 Episoo-
1266 4019 1297 4073 P·
1315 4017 1365 4076 485

158 4156 216 4221 pus
236 4141 337 4201 eadem
354 4141 493 4224 scripsit,
514 4149 545 4201 et
562 4140 598 4200 de
614 4139 740 4221 Imperio
758 4147 875 4214 vestro,
897 4147 927 4197 et
942 4145 1028 4216 gente
1048 4141 1166 4208 nostra,
1187 4151 1240 4191 no·
1261 4097 1352 4154 ⁰⁰¹4

173 4339 232 4408 so)
253 4339 454 4410 sanamur.
479 4343 559 4396 ca..
635 4339 684 4410 so)
707 4339 777 4394 nm
794 4339 896 4408 aaa·
912 4353 964 4392 m
979 4335 1110 4392 m.
1135 4333 1210 4387 can.
