2956 4800
293 319 351 367 ΠΥ
726 311 763 380 C.
784 311 820 378 B.
842 310 956 381 HASII

295 465 511 549 cognitionem,
539 469 760 551 editionemqua
780 469 936 552 utriusque
953 471 1118 535 adornasse.
1161 473 1243 548 Quin
1264 471 1394 555 ipsanio

294 569 384 632 habet
397 573 478 634 notis
493 573 532 632 ad
538 572 663 637 Auctor.
679 573 791 638 novies.
803 573 944 638 Biblioth.
954 575 1094 646 Graecos.
1110 574 1286 639 Patr.1’aris.
1299 580 1396 642 1672.

293 695 324 755 p.
339 674 410 742 545.
424 673 602 737 subhorride
612 675 660 759 (ut
671 677 850 758 plerumque
859 677 1008 738 incomtus
1023 687 1067 738 eet
1078 679 1110 738 in
1119 678 1251 740 oratione
1263 675 1395 756 Latina):

199 778 229 833 Ρ.
246 782 279 836 tv
295 775 404 836 Photii
423 776 548 836 technas
564 780 725 860 molasque
746 791 828 840 ortes
846 799 916 839 oum
936 781 995 838 atti
1013 783 1168 860 promereti
1188 790 1259 839 eunt
1282 780 1397 838 Graeci

294 880 455 960 aequales,
484 892 670 962 autpertum
689 903 856 961 suppares,
884 891 951 940 tum
969 903 1054 940 meua
1072 881 1243 963 logotheta
1265 879 1329 962 [hic
1347 888 1397 940 est

292 981 413 1042 Simeon
428 987 567 1063 magister
582 994 612 1044 et
626 981 805 1062 Logotheta‚
827 982 865 1042 de
883 1003 942 1063 quo
955 983 1070 1044 Harles.
1091 984 1153 1044 vlt.
1172 985 1245 1052 471.
1271 983 1335 1065 C.],
1363 985 1397 1042 ss·

291 1083 434 1164 quondo,
451 1107 531 1165 paee
543 1087 641 1146 lenius
655 1089 826 1166 crepitante,
848 1104 886 1142 oo
901 1083 1163 1144 Christianissimo
1178 1087 1261 1168 Rege
1278 1107 1397 1166 temper

290 1188 419 1262 victore,
441 1187 543 1266 Regia
565 1188 714 1267 Lapara,
736 1187 883 1246 historiae
903 1189 1095 1266 Byzantinae
1110 1207 1208 1268 paene
1226 1188 1395 1263 successario

221 1329 225 1344 .
290 1287 513 1366 supplemento,
535 1309 604 1348 ouen
626 1292 724 1350 Leone
745 1289 888 1350 Diacono
910 1299 940 1348 tt
959 1289 1109 1348 latinitatis
1130 1289 1245 1366 Psetto,
1273 1291 1396 1367 regium

290 1410 359 1446 vere
374 1389 541 1472 multipIs'os'
554 1393 645 1450 titulo
656 1401 879 1472 argumentum,
895 1392 974 1448 iuris
981 1391 1103 1471 publici
1117 1393 1204 1472 regia
1217 1388 1397 1468 nsunsfloen-

292 1493 340 1548 tio
356 1493 482 1568 sociate
512 1513 548 1552 ns
572 1493 634 1552 sibi
653 1513 832 1574 permotae
852 1496 1015 1570 Batavus,
1043 1503 1101 1552 out
1114 1514 1190 1574 geno
1211 1492 1296 1570 olio,
1324 1494 1397 1550 eain

289 1591 426 1671 gloriam
439 1597 553 1674 rapiat.
596 1596 655 1656 Sed
667 1617 693 1657 a.
711 1601 803 1663 1679.
817 1617 833 1655 a
847 1584 909 1658 vita
924 1595 1060 1656 discessit
1071 1593 1274 1671 combefisius,
1296 1592 1397 1673 daque

293 1695 410 1755 duobus
426 1696 516 1756 tomis
533 1697 666 1760 Auctarii
681 1698 857 1779 Byzantini‚
877 1718 952 1778 quos
967 1697 1098 1758 edendos
1112 1695 1170 1756 sibi
1184 1703 1398 1782 proposuerat,

295 1817 333 1856 ne
347 1797 477 1877 priorem
500 1800 620 1879 quidem
644 1801 745 1881 potuit
762 1799 927 1879 divulgare.
969 1799 999 1862 Is
1022 1799 1117 1879 enim,
1143 1797 1304 1878 scriptores
1320 1804 1398 1876 post

295 1899 507 1980 Theophanem
523 1901 698 1979 continens,
720 1902 949 1964 Constantinum
963 1901 1253 1984 Porphyrogenetam
1271 1898 1397 1960 diendo

294 2002 358 2064 vita
366 2003 479 2080 Basilii,
492 2001 737 2066 continuatorem
748 2023 930 2083 anonymum
937 1997 1135 2084 Theophanis,
1144 2003 1284 2065 Ioannem
1291 2002 1399 2062 Came-

294 2103 416 2180 nietam,
429 2103 604 2182 'Georgium
614 2103 803 2183 monachum,
825 2104 915 2179 alios,
937 2124 999 2164 non
1012 2103 1069 2164 nisi
1084 2103 1226 2166 sexennio
1240 2112 1319 2185 post,
1341 2123 1397 2166 eu.

294 2215 380 2266 rante
395 2206 566 2268 Sebastiano
581 2205 702 2266 Msbre-
711 2205 873 2286 Cmmnisy,
895 2225 932 2264 ex
945 2189 1142 2285 typographia
1155 2205 1245 2286 Regia
1257 2227 1283 2269 a.
1300 2205 1396 2272 1685.

294 2307 327 2368 in
348 2309 448 2370 lucem
467 2309 604 2391 prolatus
624 2316 677 2370 est.
725 2307 827 2370 Editio
846 2307 986 2380 alterins,
1016 2305 1143 2366 Leonam
1157 2305 1399 2384 Michaelemquo

293 2413 424 2472 Psellum
442 2411 646 2491 complexuri,
667 2431 764 2492 prope
783 2409 905 2489 triginta
918 2408 1004 2468 annis
1020 2415 1089 2488 post
1109 2410 1263 2471 commissa
1280 2417 1327 2468 est
1338 2407 1397 2468 ni.

294 2511 392 2572 chatti
419 2514 459 2574 La
488 2513 604 2590 Quian,
640 2532 677 2572 ex
704 2511 823 2574 schedis
855 2509 1073 2572 combefisisnis
1104 2494 1295 2571 adornanda:
1329 2509 1397 2572 vit.

292 2611 422 2674 Echard.
437 2614 600 2695 Scriptorr.
613 2613 730 2674 ordinis
743 2611 943 2674 Praedicator.
956 2613 992 2676 ΙΙ.
1006 2611 1079 2680 684.
1096 2611 1127 2670 C.
1138 2611 1200 2672 Nee
1220 2611 1350 2690 segniter
1363 2611 1394 2674 is

293 2735 326 2776 se
341 2715 380 2776 ad
396 2735 472 2796 opus
489 2715 632 2793 admovit,
654 2715 696 2776 ita
710 2726 745 2776 ut
754 2718 811 2776 Leo
827 2716 859 2776 in
874 2712 1071 2796 typographia
1082 2713 1170 2798 Regia
1182 2713 1319 2774 formulis
1333 2711 1397 2788 iana

293 2827 416 2898 coeptus
440 2818 481 2878 sit
502 2819 645 2894 describi,
668 2818 791 2900 ipseque
805 2820 845 2878 Le
859 2817 957 2892 Quian
977 2816 1021 2876 aio
1041 2813 1150 2876 hebeat
1164 2815 1280 2888 Orient.
1303 2813 1397 2874 Chri-

292 2917 381 2978 stian.
401 2919 426 2978 I.
451 2921 524 2987 266.
543 2921 583 2982 De
608 2923 693 3001 Quos
709 2924 772 2982 Leo
786 2923 951 2982 Diaconue
970 2920 1060 2995 refert
1075 2920 1109 2976 its
1122 2919 1285 2996 Hiatoria,
1304 2919 1397 2978 ouius

287 3042 367 3102 pare
382 3025 462 3102 typio
478 3023 589 3106 Regiis
604 3027 670 3082 ione
688 3021 773 3082 edito
790 3034 841 3083 est.
882 3022 1000 3082 Atenirn
1018 3019 1181 3082 intervenit
1203 3019 1397 3103 impressioni

291 3124 501 3203 ingravescens
520 3126 649 3204 bellum,
679 3107 818 3206 quotide
841 3123 1052 3204 Hispaniarum
1071 3119 1256 3184 suceessione
1277 3131 1397 3201 gaeum

292 3237 354 3303 est,
376 3230 618 3308 consiliumque,
639 3237 673 3288 ut
692 3227 797 3288 scribit
811 3227 966 3288 Echerdus
988 3227 1047 3289 loo.
1063 3225 1130 3302 cit,
1152 3223 1399 3306 quaestionario·

291 3331 339 3389 Le
362 3331 460 3409 Quiete
489 3333 684 3390 commissum
708 3340 774 3388 erat
797 3329 1013 3410 exequendum,
1042 3331 1165 3408 tamque
1186 3329 1267 3406 topia
1285 3328 1400 3407 Regiis

292 3433 463 3510 monstrem,
486 3432 563 3492 bello
576 3441 643 3490 tum
661 3433 808 3490 atrociori
825 3431 939 3512 ubique
947 3433 1109 3513 flagrante
1129 3433 1332 3508 interruptum
1352 3439 1400 3487 est

293 3551 332 3590 ae
348 3521 519 3610 prolatum.
562 3534 640 3614 Engo
657 3553 753 3614 neque
770 3533 939 3594 combefisii
958 3555 1048 3616 opera
1068 3551 1166 3612 nsque
1181 3527 1347 3609 Lequianii,
1368 3549 1399 3592 ι.

294 3637 386 3700 1788.
400 3634 463 3696 vita
476 3635 589 3714 iuneti,
611 3637 702 3696 Leoni
716 3634 980 3718 potuitprodesse.
1021 3635 1061 3695 Et
1071 3631 1173 3694 mirari
1183 3631 1265 3708 lieet,
1285 3630 1398 3710 plagu-

290 3735 336 3796 las
350 3736 418 3796 illas
434 3745 510 3796 tune
522 3735 679 3817 irnpressas
695 3737 860 3818 interiisse,
881 3758 977 3820 prope
991 3735 1087 3796 dicem
1096 3779 1106 3812 ,
1126 3735 1159 3794 in
1172 3731 1317 3808 nihilum,
1338 3749 1398 3790 ne-

291 3858 348 3918 quo
366 3857 493 3919 usquam
507 3837 568 3898 iam
584 3857 767 3918 comparare.
808 3841 871 3920 Ego
886 3849 966 3900 certe
979 3845 1131 3898 scrutatus
1151 3855 1218 3904 sum
1240 3852 1315 3913 quse
1335 3853 1396 3914 po-

290 3940 354 4018 tui,
375 3949 407 4001 at
420 3939 604 4021 perquisivi,
626 3951 822 4020 peroontatns
837 3962 958 4023 quoquo
971 3949 1088 4022 agentes
1101 3933 1317 4020 typographiae
1335 3935 1397 3994 tte-

290 4042 370 4122 gim,
391 4043 476 4104 viros
493 4061 555 4118 non
570 4043 670 4102 solum
688 4036 885 4124 paritiisimos
905 4042 1082 4120 ortianum,
1104 4060 1210 4120 vorum
1232 4037 1395 4098 historicos

290 4164 426 4226 queque,
454 4155 777 4226 monumentorumque
799 4147 937 4210 officinae
956 4146 1092 4230 ipsorum
1114 4140 1321 4224 percuriosose
1342 4158 1395 4200 re·

289 4247 399 4329 tequea
415 4248 557 4312 anteon·
571 4230 655 4311 iuius
672 4247 810 4335 inceptas
832 4251 932 4314 nul„
953 4248 1038 4334 pom
1059 4243 1207 4308 nancisci.
1245 4243 1395 4324 ¹‹neapo-
