3038 4796
265 385 327 456 DE
348 383 505 454 mun.
525 381 615 457 SYPa
636 383 721 454 NIC.
741 383 871 453 PHOC.
892 385 954 454 ET
975 385 1031 456 lO.
1052 387 1173 458 TZIM.
1218 383 1295 458 381

184 546 398 633 hlopeveatism
413 546 567 610 obseditet
578 555 740 630 postquem
754 543 836 629 cepit
849 545 898 606 die
908 547 1049 628 Saturni,
1065 547 1113 610 die
1129 554 1170 618 18
1184 553 1295 616 mensio

184 650 356 716 lladachabi
383 649 476 711 huius
500 650 589 728 anni,
621 669 757 729 magnam
786 649 906 710 caedem
928 649 963 712 iu
984 671 1017 711 ea
1037 651 1140 714 edidit.
1192 656 1296 731 Quum

186 759 326 833 200‚000
345 753 501 832 virorum,
529 753 688 814 mulierum
704 762 734 813 et
747 751 914 814 liberorum
930 751 1034 812 vincta
1051 754 1085 814 in
1104 763 1215 817 terram
1229 760 1295 820 Ro—

185 879 347 920 manorum
360 855 498 932 misisset,
522 857 562 917 ad
574 857 700 916 Tarsum
716 853 945 936 oppugnandam
955 857 1109 937 proiectus
1121 869 1175 919 eat.
1204 861 1296 924 Cuiua

186 962 269 1024 cives
286 981 383 1042 quum
402 960 554 1041 supplices
575 959 814 1020 incolumitatem
836 958 873 1016 ab
894 979 928 1018 eo
947 967 1097 1040 peterent,
1119 961 1295 1043 pollicentes

185 1085 217 1125 se
230 1073 334 1146 portas
350 1072 515 1145 aperturos,
532 1062 673 1124 misertus
688 1083 792 1124 eorum
803 1061 960 1144 promisit,
975 1081 1006 1120 aa
1018 1060 1113 1124 vitum
1127 1061 1188 1123 illis
1203 1083 1293 1145 epea·

186 1185 245 1248 qua
259 1177 457 1228 servaturum.
499 1165 653 1244 lngresaus
666 1165 773 1226 urbem
786 1163 940 1246 principes
960 1163 1072 1226 habea
1085 1165 1216 1226 multum
1232 1166 1294 1228 ho·

125 1273 139 1292 ‘
183 1269 324 1345 norant,
354 1288 473 1329 mensae
502 1267 642 1328 adhibuit
662 1278 692 1328 et
710 1269 829 1344 iuaaoa,
863 1266 1013 1347 quidquid
1039 1288 1132 1349 opum
1157 1279 1291 1350 possent,

183 1391 286 1432 secum
299 1373 432 1451 auferre,
455 1371 646 1432 Antiochiam
660 1371 758 1447 misit,
780 1372 860 1456 fecta
877 1369 966 1428 etism
982 1379 1145 1451 potestate,
1164 1379 1201 1430 ut
1220 1372 1293 1452 qtsi·

71 1485 78 1504 ⁴
183 1493 302 1554 cunque
323 1493 386 1534 non
407 1473 615 1552 Antiochiam,
644 1473 697 1534 aad
717 1472 750 1532 in
770 1471 842 1532 alias
864 1470 996 1532 Arabum
1014 1473 1101 1534 urbes
1118 1473 1163 1534 ire
1178 1475 1291 1554 mallet,

183 1595 368 1658 quocunque
383 1577 490 1654 vellet,
513 1576 618 1636 abiret.
660 1575 750 1635 Dedit
770 1593 890 1654 quoque
907 1575 1045 1636 custodes
1059 1585 1121 1636 tres
1133 1577 1290 1658 patricios,

183 1681 237 1761 qui
257 1680 294 1740 ab
315 1681 398 1740 omni
419 1701 470 1739 eoa
484 1679 595 1739 iniuria
616 1677 818 1738 defenderent.
860 1675 998 1738 murenis
1021 1679 1215 1761 quibusdam,
1237 1679 1304 1761 qui,

181 1785 338 1844 nonnullis
354 1783 502 1844 Arabibus
522 1801 628 1841 manus
649 1779 831 1852 intulerant,
854 1799 961 1841 manus
981 1802 1128 1861 naaoaque
1148 1791 1291 1864 amputa-

181 1887 236 1964 vit,
249 1880 409 1967 postquam
423 1886 553 1944 multum
568 1883 694 1963 flagellis
709 1880 786 1968 caepi
802 1893 895 1946 erant.
923 1885 1048 1964 Legatos
1061 1885 1094 1946 iu
1108 1905 1209 1946 omnes
1222 1884 1290 1946 uias

181 2009 250 2049 cum
273 1990 334 2062 illis
353 1987 436 2048 miait
455 1995 485 2046 et
507 2005 624 2046 omnem
648 1984 732 2045 dedit
754 2003 890 2064 operam,
904 1991 906 2004 '
921 1995 958 2046 ut
977 1987 1057 2048 bona
1077 2007 1147 2048 cum
1160 2008 1235 2070 paee
1248 1988 1289 2050 ad

180 2091 309 2170 Arabes,
333 2092 431 2152 socios
445 2109 533 2167 suot,
554 2089 756 2170 pervenirent.
799 2088 959 2168 Templum
977 2089 1122 2150 Turrense
1141 2110 1288 2171 equorum

181 2181 333 2254 eubulum
354 2193 435 2255 fecit.
485 2194 577 2253 Tarso
598 2191 760 2274 patricium
785 2210 855 2250 cum
879 2191 964 2258 6000
979 2193 1120 2278 ¹equitum
1142 2195 1288 2276 impoauit

179 2297 373 2380 praesidium.
415 2296 514 2358 Etim
526 2295 666 2355 Marsicae
681 2294 774 2354 elium
786 2293 948 2374 patricium
963 2295 1097 2376 reliquit.
1138 2298 1289 2360 Restituta

180 2401 293 2462 Tarsus
314 2401 444 2462 multum
463 2397 573 2458 florere
596 2398 703 2478 coepit.
747 2397 841 2456 Tanta
856 2405 921 2457 erat
933 2397 967 2457 in
981 2419 1014 2458 ea
1033 2419 1171 2462 annonae
1188 2401 1288 2462 abuu-

180 2503 302 2580 dantia,
325 2513 361 2564 ut
378 2502 418 2570 14
433 2500 522 2584 panis
534 2500 623 2560 litrae
639 2519 793 2576 unarum
805 2499 1017 2564 venderentur.
1052 2503 1144 2564 Multi
1155 2523 1194 2564 ex
1207 2504 1288 2566 Ara-

179 2605 278 2683 bibue,
300 2605 408 2686 priscis
426 2605 489 2664 eius
503 2603 618 2663 civibus
624 2647 633 2681 ,
655 2601 770 2664 reverai
784 2613 870 2678 aunt,
890 2607 1130 2688 quorum'aliqui
1143 2605 1290 2690 baptizati

177 2717 214 2766 ct
236 2706 397 2767 Christiani
420 2707 495 2768 facti
521 2709 623 2782 sunt,
643 2705 754 2789 aliqui,
784 2725 913 2787 quorum
939 2716 1042 2768 umen
1066 2709 1156 2776 liberi
1182 2729 1287 2774 omnes

181 2807 429 2890 baptizabantur,
450 2809 484 2869 in
496 2809 556 2870 fide
571 2829 624 2869 auu
636 2809 843 2890 perstiterunt.

266 2911 356 2971 Anno
381 2919 451 2992 post
471 2933 527 2972 rex
545 2909 733 2992 Nicephorua
755 2909 894 2972 Amidam
913 2915 1029 2976 obsedit
1050 2925 1097 2994 et,
1120 2937 1213 2999 quum
1231 2935 1285 2976 ca·-

177 3035 251 3099 pere
273 3013 430 3095 nequiret,
452 3013 643 3075 Antiochiam
662 3013 775 3072 multos
797 3010 860 3074 dies
880 3019 1083 3098 oppugnavit,
1104 3021 1157 3082 aed
1173 3019 1284 3080 simili-

177 3127 225 3180 ter
248 3137 354 3200 capere
375 3137 440 3178 non
463 3117 565 3202 potuit
571 3139 582 3192 3
609 3117 711 3198 itaque
734 3116 867 3179 moenaio
895 3119 972 3181 vicis
995 3119 1151 3206 hortisque
1173 3120 1284 3186 vicinis

176 3221 260 3287 abiit.
603 3263 605 3282 .

263 3325 353 3386 Anno
377 3325 561 3388 Graecorum
584 3330 683 3407 1279,
705 3303 839 3391 Arabum
854 3327 937 3403 357,
959 3326 1124 3390 Chorasani
1139 3323 1283 3388 nonnulli

176 3447 246 3489 cum
265 3433 350 3496 8000
370 3425 503 3488 Arabum
522 3429 781 3494 Antiochenorum
800 3433 835 3492 in
855 3433 1075 3514 Cappadociam
1093 3431 1282 3512 irruperunt,

177 3532 231 3593 aad
249 3531 365 3609 40,000
386 3531 606 3612 Romanorum,
636 3535 690 3614 qui
713 3545 926 3610 occurrerant,
946 3536 1112 3616 permultos
1132 3533 1282 3594 Chorasa·

175 3653 285 3696 norum
305 3643 335 3696 et
347 3631 608 3693 Antiochenorum
628 3645 695 3697 tum
714 3638 944 3717 interfecerunt,
964 3648 1031 3699 tum
1050 3639 1170 3701 vinctos
1190 3634 1284 3696 abdu-

175 3745 299 3800 xerunt.
340 3735 452 3797 Arabes
466 3733 647 3798 Antiocheni
661 3741 867 3802 Patriercham
887 3738 1174 3803 chalcedonensium
1202 3735 1284 3798 occi·

176 3841 287 3906 derunt
309 3848 340 3901 et
358 3843 496 3904 ecclesias
513 3841 691 3904 Antiochiae
712 3846 822 3906 multas
839 3853 1005 3906 vastarunt.
1047 3841 1177 3904 Romani
1189 3843 1285 3908 Seru·

174 3963 244 4024 gum
257 3944 387 4026 proiecti
402 3949 466 4014 300
479 3945 590 4008 Arabes
606 3957 637 4007 at
650 3945 761 4008 multas
776 3949 906 4029 pecudes
918 3948 1122 4008 abduxerunt.

258 4045 327 4108 Hoc
343 4067 423 4108 anno
433 4091 443 4126 ,
466 4057 535 4109 orto
552 4048 850 4129 interchoraaanos,
865 4051 928 4132 rqui
950 4047 1128 4112 Antiochiae
1147 4055 1234 4108 arant
1251 4053 1283 4110 et

173 4149 286 4212 Arabes
314 4149 518 4226 Antiochen'oa
545 4152 685 4230 dissidio,
713 4153 842 4214 Romani
869 4173 909 4215 ex
932 4153 1056 4234 regione
1092 4149 1283 4212 Antiocheae

174 4257 218 4320 12
231 4251 393 4314 hominum
406 4253 519 4333 millia,
541 4255 674 4318 vircmet
691 4253 850 4336 mulieres,
879 4277 991 4340 pueros
1013 4254 1204 4338 puellasque,
1226 4251 1283 4312 ab·

170 4353 344 4420 duxeruut·
355 4357 468 4420 teano
481 4368 569 4444 post,
588 4358 653 4423 ta.
671 4360 979 4441 teatensem,
1000 4353 1280 4437 Romauifcaphsr-
