3038 4796
218 317 296 392 346
526 319 792 392 LUITPRANDI
812 321 1009 402 LEGATIO

220 492 307 544 esset.
348 479 450 544 Palam
471 489 533 559 est,
556 481 641 562 quod
658 481 870 562 Berengarius,
892 492 923 544 et
942 468 1118 546 Adelbertbs
1138 485 1184 547 sui
1206 486 1315 549 milites

220 585 334 663 effecti,
354 585 489 662 Regnum
511 583 651 645 Italicum
671 595 792 665 seeptro
818 605 909 646 aureo
930 605 969 647 ox
987 587 1049 648 eius
1065 607 1157 648 manu
1174 609 1314 672 suscepe-

220 697 309 767 runt,
332 697 362 748 et
381 687 588 768 praesentibus
605 685 699 748 serris
713 686 790 765 aris,
812 687 864 766 qui
880 709 962 749 nuuc
976 709 1071 770 usque
1085 701 1262 771 supersunt,
1286 702 1316 751 ct

217 790 321 852 bacin
335 789 456 851 civitate
470 791 597 872 degrmt,
618 787 813 850 iureiurando
826 787 915 850 fidem
929 791 1139 872 promiserunt.
1181 793 1220 852 Et
1236 793 1313 872 quia,

217 902 391 973 suggerente
404 893 549 974 Diabolo,
571 892 652 953 hano
668 889 783 971 pernae
796 891 965 973 violarunt,
986 895 1066 955 iuste
1080 895 1147 955 illos
1163 895 1246 973 quasi
1261 895 1315 954 de-

216 1005 344 1057 sertores
353 1042 362 1074 ,
385 995 502 1075 sibique
518 995 658 1072 rebelles,
679 993 781 1071 Regno
798 995 947 1074 privavit:
969 997 1052 1078 quod
1065 997 1108 1057 ita
1121 995 1248 1057 lubditis
1259 998 1316 1058 tibi

217 1108 248 1158 et
270 1098 462 1179 postmodum
481 1095 644 1157 rebellibus
662 1095 783 1156 faceres.
825 1097 883 1158 Sed
907 1119 987 1177 uon,
1009 1099 1070 1177 ait,
1090 1100 1240 1161 Adelberti
1255 1101 1315 1161 boe

215 1199 381 1282 profitetur
397 1199 492 1261 miles.
536 1197 593 1258 cui
606 1197 748 1278 inquam.-
768 1199 794 1258 si
809 1219 895 1260 secus
910 1199 1037 1280 dixerit,
1058 1221 1193 1263 meorum
1210 1203 1314 1282 aliquis

86 1363 89 1369 Δ
216 1303 365 1380 militum,
392 1302 417 1361 si
440 1300 543 1378 iubes,
573 1320 640 1361 cras
662 1301 705 1360 ita
727 1321 791 1362 rem
809 1322 871 1364 esse
893 1303 993 1364 duello
1014 1303 1185 1365 declarabit.
1232 1305 1314 1383 Esto,

187 1403 332 1483 (linquit,
355 1402 559 1481 fecerithaac,
580 1411 617 1462 ut
631 1403 688 1482 ais,
709 1403 796 1469 iuste.
839 1406 927 1466 Nunc
943 1407 1130 1488 curlmperii
1141 1407 1313 1467 nostriter-

211 1486 309 1566 minos
325 1503 369 1591 10)
385 1506 466 1568 bello
481 1505 683 1586 incendioque
696 1527 847 1587 aggressus
860 1509 915 1586 sit,
938 1507 1055 1589 expedi.
1089 1507 1185 1569 Amici
1198 1529 1314 1569 mamus

213 1611 447 1692 societatemque
468 1607 728 1689 indissolubilem,
749 1611 864 1693 nuptiis
887 1610 1087 1692 interpositis,
1107 1611 1206 1671 facere
1228 1610 1315 1690 cogi-

215 1713 363 1775 tabamus.
407 1713 530 1772 Terram
548 1711 689 1790 inquam,
712 1731 802 1793 quam
818 1712 940 1794 Imperii
958 1713 1005 1772 tui
1020 1733 1083 1774 esss
1094 1733 1211 1791 narras,
1232 1731 1313 1793 gens,

213 1815 328 1889 incola,
359 1825 390 1876 et
409 1814 529 1894 lingua,
558 1814 658 1875 Italici
683 1815 778 1894 Regni
799 1835 861 1876 esse
884 1814 1024 1874 declarat.
1075 1811 1314 1894 Tenueruntque

213 1917 297 1978 illam
318 1917 498 1999 potestative
513 1916 721 1996 Langobardi,
749 1938 837 1998 quam
857 1926 887 1978 et
908 1916 1081 1978 Ludovieus
1099 1915 1314 1996 Langobardo-

212 2041 298 2098 rum,
320 2041 373 2082 seu
394 2021 579 2081 Francorum
598 2019 780 2101 Imperator,
802 2017 840 2080 ds
857 2039 949 2080 manu
969 2022 1202 2091 Saracenorum,
1225 2019 1314 2078 mul-

210 2121 343 2182 titudine
362 2132 529 2204 prostrata,
549 2122 699 2184 liberavit.
742 2121 801 2182 Sed
820 2131 851 2184 et
865 2121 1063 2203 Landulphus
1083 2122 1313 2182 Beneventano·
1376 2157 1380 2162 -

210 2243 296 2302 rum,
326 2235 357 2285 et
376 2227 586 2307 capuanorum
605 2225 749 2306 Princeps
777 2225 933 2308 septennio
960 2224 1139 2306 potestative
1166 2243 1232 2282 eam
1258 2221 1313 2282 sibi

211 2326 388 2406 subiugavit.
429 2327 521 2391 Nece
539 2327 691 2389 servitutis
707 2327 786 2405 eius,
808 2347 861 2387 seu
877 2345 1081 2388 successorum
1095 2345 1217 2385 suorum
1231 2323 1310 2402 iugo,

179 2436 307 2508 Dusque
320 2431 510 2512 adpraesens
523 2432 632 2508 exiret,
655 2429 754 2491 sinon
766 2429 907 2489 immensa
922 2429 989 2490 datu
999 2427 1141 2509 pecunia,
1160 2427 1312 2486 Romanus

209 2531 375 2612 Imperator
387 2533 485 2594 nostri
498 2533 586 2613 Regis
598 2531 734 2612 Hugonis
747 2531 907 2591 amicitiam
919 2540 1040 2594 emeret.
1081 2531 1120 2591 Et
1132 2527 1209 2588 haec
1222 2547 1311 2588 causa

210 2631 285 2710 suit,
307 2633 390 2714 quod
413 2635 517 2716 nepoti
531 2656 604 2713 suo,
627 2644 658 2696 st
672 2633 834 2715 aequivoco
853 2633 940 2714 Regis
956 2633 1070 2710 nostri,
1093 2632 1226 2693 eiusdem
1241 2629 1312 2691 Hu-

207 2733 293 2814 gonis
320 2735 456 2819 spuriam
481 2738 622 2818 coniugio
654 2739 816 2819 copulavit.
858 2739 898 2798 Et
922 2746 959 2797 ut
986 2735 1157 2812 considero,
1183 2731 1310 2792 Domino

207 2855 274 2896 meo
293 2857 357 2898 non
374 2840 516 2920 gratiam,
539 2841 815 2922 sedimpotentism
831 2822 992 2918 adscribis,
1015 2837 1097 2920 quod
1111 2845 1180 2919 post
1196 2835 1310 2912 ltaliae,

207 2957 262 2998 seu
274 2941 387 3001 Romae
401 2933 649 3023 acquisitionem,
669 2953 717 3004 tot
731 2943 893 3004 anniseam
909 2941 1132 3004 libidimiserit.
1176 2940 1309 3000 Societa-

206 3035 268 3102 tem
279 3063 351 3105 vero
367 3045 527 3123 amicitiae,
549 3065 638 3126 quam
652 3055 683 3106 te
697 3045 849 3128 parentela
863 3045 993 3105 voluisse
1007 3045 1104 3106 facere
1117 3043 1201 3120 dicis,
1224 3043 1310 3102 frau-

157 3137 162 3150 ’
206 3143 275 3205 dem
286 3167 341 3208 nos
359 3147 522 3229 dolumque
536 3157 688 3208 tenemus·
680 3169 846 3229 pausanas
862 3145 902 3229 11)
916 3147 1018 3228 exigis,
1039 3169 1112 3228 quas
1125 3166 1182 3207 nec
1197 3155 1228 3206 te
1241 3145 1309 3204 exi-
1415 3207 1421 3218 ,

205 3267 274 3328 gere
288 3271 385 3332 neque
399 3273 455 3312 nos
471 3251 635 3311 concedere
650 3250 728 3310 ratio
741 3251 807 3332 ipsa
821 3251 982 3332 compellit.
1012 3251 1123 3313 Verum
1138 3258 1175 3310 ut
1189 3247 1310 3310 fallacia

205 3353 403 3435 exculpatur,
424 3353 535 3416 veritas
556 3373 621 3413 non
636 3353 810 3430 reticeatur,
832 3351 914 3413 misit
934 3373 981 3414 me
999 3353 1145 3414 Dominus
1161 3371 1244 3411 meua
1270 3349 1308 3410 ad

205 3463 252 3530 ts,
275 3465 323 3534 ut,
347 3455 478 3516 sifiliam
493 3456 620 3516 Romani
641 3455 851 3536 Imperatoris,
873 3465 903 3516 st
910 3430 1125 3538 Theophanes
1142 3451 1186 3537 1θ’)
1205 3453 1308 3534 lmpe-

206 3555 345 3638 ratricis,
373 3557 502 3618 Domino
524 3579 606 3636 meo,
635 3557 699 3618 filio
720 3578 773 3618 suo
795 3557 900 3617 Ottoui
923 3557 1099 3638 Imperatori
1118 3553 1284 3635 Augusto
1273 3573 1308 3612 ιιι

176 3658 380 3740 Econiugium
404 3661 523 3722 tradere
545 3648 694 3735 volueris,
724 3661 893 3720 iuramento
917 3659 991 3719 milri
1017 3659 1165 3735 affirmes,
1194 3665 1225 3717 et
1252 3675 1306 3734 ego

204 3781 261 3843 pro
281 3761 446 3841 gratiarum
467 3763 745 3844 recompensatione
764 3763 859 3840 haec,
881 3771 911 3822 et
934 3761 1009 3822 haec
1027 3762 1187 3822 Dominum
1205 3777 1306 3818 meum

204 3863 262 3923 tibi
282 3864 433 3925 iacturum
453 3875 485 3925 et
506 3865 734 3927 observaturum
743 3905 754 3944 ,-
774 3865 966 3925 iureiurando
980 3865 1143 3924 affirmabo.
1160 3857 1201 3942 ¹³)
1245 3857 1307 3920 Sed

205 3973 235 4026 et
247 3965 390 4048 optimam
405 3963 448 4049 ¹⁴)
470 3967 618 4032 amicitiae
634 3969 803 4032 'arabonam
819 3965 1001 4029 fraternitati
1018 3975 1088 4027 tuae
1102 3985 1184 4026 nunc
1196 3961 1306 4023 Domi-

237 4185 286 4255 lo)
309 4187 381 4242 ultas
400 4194 506 4243 terram.
533 4189 609 4242 Coa.
690 4190 737 4257 11)
756 4189 796 4244 ΑΙ.
814 4189 941 4242 inducias.
967 4185 1043 4239 Gan.
1121 4185 1168 4256 12)
1190 4181 1242 4238 Alii
1259 4198 1305 4235 vo·

271 4263 332 4310 cant
350 4259 555 4328 l'lssoplaaulam.
582 4259 658 4312 Gon
713 4261 760 4327 13)
780 4259 830 4313 llio
846 4257 922 4312 deest
937 4253 1044 4326 aliquid.
1070 4253 1146 4310 Can.
1201 4253 1247 4322 11)
1263 4249 1304 4305 Al.

272 4329 396 4396 optimam
413 4329 593 4384 orrlsoboasm.
616 4329 700 4384 Mur.
