3038 4796
170 413 174 422 .
267 347 345 421 ιιι
502 291 517 441 J
612 352 1015 430 οῃοιιιειιιιοιιι
1100 387 1108 411 ·.

267 517 319 577 SS.
340 515 438 595 (lyrici
452 513 774 592 sttulioaamartyfio,
795 515 867 581 238.
882 513 915 575 Β.
929 506 1045 576 κιλεόει
1061 507 1284 598 όρμενταρλρι’
1262 537 1353 596 αναρ-

266 605 412 679 taretros
432 595 529 680 αότιῇν
549 595 675 674 εότόνως
697 597 828 674 §taccat
865 597 1013 674 Emoniia,
1034 596 1207 683 ἕρμηταρλρι.
1228 600 1270 658 De
1290 619 1354 677 quo

266 685 414 744 vocabulo
429 705 496 744 cum
509 685 569 742 iam
582 693 720 744 accurate
733 683 872 742 disseruit
886 643 1055 764 Ducaugius
1067 661 1198 745 Glossai.
1209 684 1268 746 eol.
1278 685 1354 750 436.

266 769 300 829 Β.
312 768 436 829 hicnon
450 769 587 850 estquod
601 769 739 852 plsuibus
754 787 882 870 egemus.

350 937 427 1000 Ibid.
446 941 503 1002 tto.
525 941 555 1007 5.
577 942 678 1023 παραβ
659 933 772 1020 βόλοις]
793 937 892 1010 verti,
914 935 1136 1018 audacissime,
1156 949 1192 1000 ut
1204 957 1355 1001 vanuum

266 1023 418 1105 phrasim:
446 1026 611 1086 accuratius
630 1027 751 1096 fuisset,
781 1023 950 1129 desperate:
979 1045 1037 1104 quo
1066 1045 1154 1084 seusu
1173 1018 1353 1124 παραβόλως

266 1110 347 1190 apud
360 1109 477 1190 loseph.
496 1111 640 1189 Antiquit.
657 1113 729 1176 208.
745 1110 776 1169 C.
792 1113 891 1184 καλῶς
906 1104 1083 1186 α’ποθανεΐν,
1106 1107 1158 1172 καλ
1174 1102 1355 1190 παραβόλως

262 1195 507 1257 διακινδυνεῦσαι
534 1201 598 1267 τοῖς
618 1195 777 1272 πολεμιοις.
809 1195 884 1254 Item
902 1194 980 1274 apud
1001 1193 1152 1256 Plutarch.
1169 1191 1353 1272 Philopoem.

264 1280 336 1344 358.
351 1280 383 1338 G
393 1279 496 1339 Crasso
511 1279 581 1345 660.
597 1279 631 1337 l).
640 1279 731 1358 Apud
745 1278 870 1338 eundem
882 1299 944 1338 non
955 1279 1111 1356 invidiose,
1126 1276 1353 1338 sedcumlauds

236 1357 400 1440 Ddictum,
422 1365 460 1427 Μ.
483 1363 591 1424 Anton.
606 1369 680 1430 926.
698 1365 733 1425 Β.
723 1367 912 1446 moctensis
926 1363 977 1426 καλ
993 1357 1179 1444 παραβόλως.
1220 1361 1354 1422 Plerum

266 1467 324 1524 que
338 1407 439 1552 ιιιιιιόιιΙ
453 1447 558 1508 melius
572 1457 669 1508 vertas
686 1450 816 1521 incaute,
837 1461 949 1510 temere.
990 1447 1105 1528 Ioseph.
1120 1446 1265 1525 Antiquit.
1279 1445 1352 1513 675.

264 1531 301 1591 D.
320 1529 486 1633 πεφυκότες
501 1529 532 1595 εἶ
528 1556 579 1594 ναι
591 1527 767 1635 παραβολως
777 1539 909 1616 θρασεις
936 1535 979 1592 De
989 1533 1067 1592 bollo
1083 1529 1150 1592 Iud.
1167 1535 1237 1598 870.
1250 1531 1282 1590 Β.
1295 1553 1353 1592 πα-

265 1610 400 1698 ραβόλως
413 1611 669 1726 προκινὸμνεόειν.
703 1620 732 1678 S.
748 1617 907 1722 Chryaost.
917 1617 1032 1680 Orat.
1023 1638 1056 1675 ιιι
1072 1617 1201 1718 epistS.
1215 1615 1299 1676 Pauli
1312 1615 1351 1674 II.

264 1701 383 1768 6535.
403 1697 972 1784 οπαραβολωςέαντόνιοῖςκινδόνοις
989 1696 1134 1774 ἐκδιδούς.
1175 1698 1353 1760 Plutarchus

264 1785 397 1846 Aristide
417 1791 489 1854 319
502 1789 535 1848 F.
548 1784 643 1850 nolti
658 1786 836 1889 κινομμὲνον
855 1811 909 1850 του
896 1785 1164 1892 Θεμιστοκλέους
1165 1779 1350 1868 παραβολως

263 1869 338 1929 Item
360 1873 461 1951 Pomp
479 1877 551 1940 627
573 1873 605 1932 C.
619 1867 795 1976 παραβόλως
814 1872 866 1936 καλ
881 1867 1110 1976 λῃστρικώτερον
1124 1864 1205 1972 edroi
1218 1888 1353 1954 προσφε-

264 1953 393 2034 ρομένου
412 1957 488 2019 Ibid.
513 1962 584 2025 529.
603 1957 635 2020 Β.
655 1954 814 2038 κατήπειξε
833 1952 1012 2042 παραβόλως
1029 1953 1086 2036 τὴν
1106 1948 1213 2036 μόχην.
1255 1956 1351 2015 Porro

264 2037 406 2101 Phocion.
429 2042 501 2108 744.
515 2043 549 2105 Β.
568 2041 660 2119 Agids
681 2052 711 2102 et
729 2043 877 2104 Cleomsu.
890 2047 960 2109 816
978 2042 1012 2101 Ε.
1026 2041 1067 2102 Μ.
1084 2039 1215 2099 Antonio
1229 2041 1300 2107 935
1316 2039 1352 2102 Β.

265 2123 464 2192 0411411053.
479 2125 513 2184 A
554 2125 707 2187 Interdum
721 2128 931 2207 exponendum
950 2135 1009 2203 cst,
1030 2145 1145 2185 οωιιιτιιο
1160 2145 1227 2183 cum
1239 2123 1352 2182 diacri-

264 2213 353 2268 mr'ns.
395 2209 543 2274 Plutarch.
568 2212 689 2275 Aristid.
711 2216 782 2280 328.
803 2214 834 2276 C.
853 2171 1029 2293 παραβόλός
1046 2206 1097 2273 δια
1117 2214 1179 2272 τοῖν
1200 2210 1352 2312 πολεμλων

264 2315 343 2356 νεων
366 2289 566 2370 διεκπλεύσας.
611 2298 723 2356 Catone
739 2297 808 2359 οιαὶ.
824 2298 896 2364 848.
912 2299 946 2356 Ι).
962 2289 1140 2368 πολυπόνως
1153 2287 1351 2376 καλποραβό·

264 2381 333 2451 λοις.
374 2379 455 2440 Idem
476 2380 581 2460 Pyrrh.
604 2385 676 2448 892.
696 2381 730 2443 A.
752 2381 876 2440 Lucullo
891 2383 962 2448 499.
976 2381 1009 2443 Ε.
1023 2373 1205 2453 ἀνελπίστως
1218 2378 1269 2442 καλ
1290 2401 1351 2441 πα-

264 2455 401 2543 ραβόλως
414 2459 450 2539 ἐξ
434 2461 560 2544 ξεσωθη.
603 2466 707 2524 Crasso
730 2466 803 2532 554.
816 2467 849 2524 Β.
851 2459 1053 2568 παραβόλως
1050 2461 1128 2538 τινὲς
1141 2457 1350 2547 διεκπεσόντες.

263 2547 403 2626 Pompeio
425 2551 497 2614 638.
522 2551 557 2610 A.
578 2545 664 2629 μόλις
681 2548 733 2611 κοιλ
744 2544 926 2632 παραβόλως
970 2543 1081 2608 Catone
1097 2549 1211 2608 minore
1227 2548 1297 2614 784.
1312 2549 1349 2606 A.

223 2707 226 2722 .
262 2628 660 2733 παρμβόλωςιιρατήσαντος.
703 2575 803 2693 Arati²
812 2639 900 2702 1039
915 2636 949 2696 Β.
964 2631 1060 2697 ἔπι
1028 2657 1062 2698 το
1076 2639 1170 2714 τεῖχος
1184 2627 1278 2732 ανέβη
1293 2655 1350 2694 πα-

261 2711 401 2797 ραβόλως.
433 2717 516 2776 Alios
533 2719 658 2777 aliorum
668 2719 751 2779 locos
766 2739 871 2779 vereor
882 2719 934 2780 hic
948 2720 1106 2778 ascribere:
1129 2718 1253 2799 quod
1222 2737 1286 2778 νιιιι
1297 2737 1350 2776 το-

263 2801 361 2860 eubuli
385 2821 447 2860 non
475 2803 565 2881 magis
584 2803 752 2880 illustrant,
781 2824 869 2884 quam
897 2805 985 2865 unius
1005 2803 1157 2864 Plutarchi
1175 2812 1206 2862 et
1223 2801 1350 2883 losephi.

149 2894 180 2948 P.
197 2895 248 2952 196
262 2885 366 2966 Neque
384 2887 421 2946 ds
440 2907 515 2948 voce
533 2889 705 2974 παραβολῇ,
727 2889 909 2970 aStsphauo
928 2897 958 2949 et
978 2887 1158 2948 Schneidero
1180 2887 1348 2967 generatim,

261 2971 297 3030 ab
315 2972 450 3032 Ernestio
473 2973 573 3033 Lexic.
593 2913 801 3052 techriologico
824 2975 896 3041 241.
916 2973 947 3034 A.
962 2973 1122 3053 {rhetorum
1137 2993 1223 3034 sensu
1238 2973 1350 3054 optimc

260 3057 404 3153 exposito,
427 3057 587 3137 quicquam
601 3057 718 3136 addam,
739 3069 856 3138 praeter
871 3059 966 3136 illud,
988 3061 1047 3120 loc.
1062 3059 1113 3118 ubi
1128 3058 1262 3118 occurrit
1277 3059 1350 3116 Dio-

259 3141 340 3221 uysir
332 3142 618 3202 Halicarnassensis
630 3146 702 3202 Arte
721 3143 885 3221 ιλιειοιίοι,
906 3145 943 3204 V.
957 3105 1029 3211 389.
1044 3149 1073 3210 9.
1089 3143 1151 3203 levi
1165 3143 1349 3203 correctione

128 3263 130 3270 ι
258 3226 356 3287 1ιισειιι
369 3226 469 3287 afferri
481 3247 576 3308 possa.
618 3228 670 3288 Ait
687 3228 764 3287 enim
777 3227 898 3306 rhetor,
919 3229 953 3289 iu
968 3229 1145 3309 quibusdam
1156 3228 1253 3288 causis
1266 3227 1349 3286 iudi-

259 3311 382 3371 cialibus
406 3331 638 3392 supsrvacaneas
659 3333 721 3373 esse
740 3315 941 3386 narrationes,
964 3313 1083 3392 quando
1097 3313 1241 3372 nimirum
1260 3331 1347 3374 neruo

259 3405 304 3455 est
325 3397 378 3476 qui
399 3418 458 3476 quo
480 3407 572 3544 ριοιρ
586 3418 634 3458 res
655 3409 735 3477 gesta
752 3399 791 3458 sit
805 3409 858 3458 aut
872 3398 986 3458 nesciat
1005 3399 1104 3458 autin
1118 3399 1240 3458 dubium
1251 3407 1348 3458 vocet.

258 3481 432 3560 Subiungit·
456 3477 572 3546 Οον’
552 3488 710 3561 αριστειοῖν
731 3480 894 3586 διηγησεις,
916 3488 1017 3566 γελοῖα
1035 3477 1243 3546 παντάπασιν·
1273 3481 1349 3562 όμο-

257 3563 464 3646 tortuosos
426 3589 483 3664 γαρ
501 3565 552 3629 καλ
564 3566 598 3630 ἐκ
614 3571 790 3649 παραβολῆς
803 3564 943 3648 αἰτήσεις.
986 3567 1185 3629 Novissima
1162 3587 1205 3628 ειο
1221 3577 1349 3628 venun·
1357 3608 1359 3616 ·

257 3658 308 3708 tur
319 3649 389 3710 edit.
404 3649 516 3712 Reisk..
532 3655 564 3711 ιἰι
573 3655 708 3759 οσψμιο
723 3658 801 3712 enim
814 3665 858 3712 ert
859 3652 965 3734 ,quod
978 3675 1012 3712 ex
1027 3655 1259 3732 comparatione.
1289 3652 1349 3712 Sed

257 3733 320 3794 inte
358 3736 529 3814 ungendum
541 3747 609 3816 post
624 3761 691 3820 μαρ,
699 3749 729 3798 ει
741 3699 867 3798 verbuui
868 3737 1088 3846 ὁμολογοῦνται
1102 3759 1156 3818 per
1163 3757 1283 3846 zeugma
1296 3745 1349 3796 aut

256 3817 305 3898 fig.
321 3817 383 3884 απο
395 3843 500 3884 κοινου
487 3823 700 3900 referendum
714 3819 786 3884 ad’
766 3830 913 3905 αριστεῖα’
935 3823 1150 3904 ὁμολογοῦνται
1161 3847 1228 3906 γαρ,
1247 3822 1297 3886 παλ
1316 3821 1349 3884 λιι

254 3908 430 3986 παραβολῆς
454 3892 601 3986 αλτησεις·
625 3909 713 4007 quod
739 3911 838 3988 agitur
860 3909 897 3968 ds
919 3909 1133 3990 disceptatione
1153 3910 1233 3968 iuter
1257 3907 1348 3966 duces

256 3988 347 4067 duos,
369 3991 431 4051 utri
450 3991 582 4071 praemia
600 3993 724 4054 virtutis
744 3995 905 4054 tribuenda
923 3995 1002 4053 sint:
1022 4013 1070 4054 res
1086 3994 1122 4052 ab
1136 4003 1262 4073 utroque
1274 3993 1351 4052 bens

15 4133 17 4208 ι
253 4035 1350 4245 1181ιῖ811λὲ8151881ιὲ111ῗί81λλῖἓὲλῖἰὲῗὲτλῗξ

15 4215 17 4286 A
193 4299 198 4312 ,
227 4245 457 4318 BQuamobrsm
475 4247 745 4330 interpretandum:
767 4273 858 4331 neque
878 4253 958 4308 enim
977 4253 1010 4308 io
1030 4248 1161 4307 dubium
1171 4257 1349 4306 revocantur

254 4333 369 4407 [eorum
396 4332 548 4414 praeclare
574 4334 683 4414 lsctoJ,
706 4333 760 4396 sect
779 4337 1004 4418 postulationes
1020 4355 1076 4416 μα·
1095 4335 1350 4415 comparationem
