3038 4796
418 385 464 458 IN
483 373 841 460 1800300000]
859 387 937 457 ΗΒ.
957 387 999 456 Il.
1166 379 1244 457 417

151 543 213 610 ides
230 537 287 623 to’
306 539 393 626 ὁμοῖν
420 540 652 626 οῖτττλετφθῆνατ
673 545 785 624 πίστει,
812 545 977 631 νουθεσίᾳ,
1003 542 1155 634 τῖττομονῇ.
1196 551 1243 612 Ita

150 631 231 690 enim
246 627 377 688 arbitror
390 647 492 689 veram
510 649 572 689 osae
580 630 747 690 lectionem.
790 628 881 690 Vetus
897 630 1044 710 interpres
1060 631 1180 694 videtur
1194 635 1242 696 ls-

149 714 228 792 gisse
247 710 484 793 ὁποληφθῆνοτ·
512 715 619 790 vertit,
648 735 694 772 me
716 716 794 772 enim
814 717 950 793 oportuit
969 736 990 773 a
1006 715 1094 773 vobio
1116 723 1240 798 smoa'pi.

148 796 286 878 Simplex
306 792 443 875 diripera
459 819 515 879 pro
532 801 660 857 τ’τιοίτονο
676 798 765 858 habet
776 799 827 857 rel
843 799 993 860 Cedranus
1009 798 1045 858 11.
1058 803 1128 865 678.
1143 802 1178 860 D.

233 878 313 945 Ihid.
334 881 390 940 lin.
412 885 462 948 18.
475 877 578 945 “Am
598 879 655 964 μὶν
674 879 708 946 td
731 876 809 944 καθ’
827 881 928 962 ἡμᾶς]
951 883 1034 956 Quae
1053 885 1112 942 Leo
1124 883 1267 951 Phocasn

93 967 98 976 '
148 963 201 1025 hio
216 964 429 1043 concionatur,
450 967 575 1026 imitatio
598 977 670 1027 sunt
690 965 835 1028 orationis
855 965 989 1028 Belisarii
1010 967 1049 1028 ad
1070 969 1242 1048 exercitum,

148 1049 231 1128 apud
254 1048 408 1127 Agnthiam
428 1054 498 1116 161.
514 1051 547 1109 C.

236 1137 309 1212 rag.
329 1137 380 1200 21.
402 1133 457 1194 lin.
478 1134 509 1201 6.
529 1125 703 1216 ἀξιόμαχον]
724 1133 852 1196 Reddidi
861 1135 1097 1214 firmissimum:
1117 1136 1243 1199 fortasse

148 1217 259 1278 rectius
271 1237 390 1296 parem.

235 1299 313 1362 lbid.
335 1303 388 1362 lin·
411 1306 460 1368 19.
482 1302 670 1366 δουλοοῖοθοτ
694 1302 786 1366 εἴωθε
810 1298 848 1367 toi
868 1299 1006 1383 πολέμια]
1026 1305 1084 1366 Lao
1098 1305 1243 1385 frequen-

148 1393 194 1446 tat
214 1393 389 1465 utramque,
410 1383 552 1468 πολῖμτος
565 1397 595 1446 et
609 1383 776 1468 πολεμικός.
805 1381 936 1470 Ἀγοθδν
951 1384 988 1449 τοὶ
999 1388 1126 1470 πολέμια
1140 1396 1190 1456 20.
1208 1392 1241 1453 G.

148 1474 203 1536 28.
218 1471 251 1529 Β.
266 1468 323 1551 (ex
335 1468 462 1549 Agathis
481 1475 531 1536 17.
546 1470 581 1530 A.
597 1473 647 1538 25.
659 1472 692 1535 Β.
706 1477 758 1538 80.
774 1469 829 1552 D.)
843 1466 1010 1553 αὐτουργόν
1022 1495 1054 1537 τε
1067 1469 1104 1538 soi
1116 1471 1244 1554 πολέμιοι

149 1559 200 1620 12.
214 1553 250 1615 A.
266 1551 500 1636 δοοιοττοτοῖτοτος
511 1551 549 1617 τὰ
561 1555 747 1636 πολέμιο64.
760 1557 794 1615 D.
810 1552 928 1637 ἕξήονετ
942 1553 980 1618 rai
990 1580 1022 1618 οτ.
1032 1565 1085 1625 22.
1099 1559 1132 1618 Β.
1145 1580 1244 1620 vanva-

147 1634 224 1713 νοτῖς
240 1633 277 1700 sd
297 1637 423 1720 metipsis
448 1640 497 1706 62.
516 1639 551 1703 Β.
572 1640 732 1720 Dionysius
748 1659 867 1719 quoque
882 1640 1148 1702 Halicarnassenais
1166 1643 1245 1702 dixit

147 1717 186 1783 ed
198 1720 327 1803 πολέμου
340 1719 447 1798 drevic,
468 1723 511 1782 οο
526 1723 615 1803 Lysia
626 1724 657 1790 5.
672 1725 743 1789 481.
762 1724 795 1788 A.
808 1725 919 1786 Contra
933 1722 1077 1805 πολεμικοὶ
1092 1727 1149 1786 Leo
1163 1730 1194 1791 3.
1207 1727 1244 1788 Β.

148 1803 208 1865 bist
234 1807 284 1872 14.
298 1809 330 1868 C.
345 1811 396 1874 31.
413 1808 448 1866 Β.
462 1807 560 1874 894.
574 1808 627 1874 75.
642 1809 675 1870 G.
705 1808 841 1890 Πολέμων
860 1807 1013 1888 Agathias‚
1036 1829 1123 1889 quem
1142 1820 1245 1870 noster

147 1889 298 1969 imitatur,
321 1911 408 1972 saepe
427 1888 484 1974 (ut
498 1911 582 1952 nuno
596 1891 717 1972 quidem
730 1903 801 1952 sunt
814 1889 905 1974 edd.)
923 1893 1057 1968 adhibet,
1081 1899 1131 1961 19.
1142 1895 1175 1954 Β.
1189 1897 1246 1960 81.

147 1975 184 2036 A.
206 1975 258 2041 56.
282 1977 318 2036 Β.
344 1981 393 2042 60.
413 1975 446 2037 Β.
468 1980 519 2042 78.
544 1976 575 2036 C.
601 1983 651 2043 92.
665 1977 702 2036 A·
722 1979 792 2044 105.
807 1978 842 2038 Β.
856 1983 927 2044 117.
938 1978 971 2039 Β.
991 1979 1061 2044 159.
1079 1979 1110 2038 G.
1125 1984 1196 2044 161.
1208 1979 1244 2039 Β.

148 2065 222 2126 162.
247 2058 283 2118 A.
304 2055 450 2140 πολεμικὰ
469 2061 583 2136 rarius,
607 2063 677 2127 180.
692 2060 727 2118 Β.
747 2067 817 2130 160.
833 2062 869 2124 A.
884 2063 1038 2121 Caeterum
1050 2063 1138 2122 loeus
1158 2083 1245 2122 com·

52 2167 55 2172 ¹
147 2143 250 2204 munis
264 2144 346 2224 apud
358 2145 486 2204 Leonem
499 2144 683 2206 commodius
694 2144 738 2204 sic
748 2145 906 2206 reddatur:
929 2148 1023 2223 Saepe
1037 2150 1116 2205 enim
1125 2169 1173 2206 ros
1185 2147 1244 2204 Ιτο-

25 2238 30 2246 ’
148 2231 244 2286 atium
256 2230 344 2308 impr.
359 2231 417 2293 ino.
425 2229 642 2308 percelluntur,
662 2232 883 2310 repentinisque
895 2231 1244 2310 aggressionibmfran-

147 2322 268 2393 guntur
285 2315 359 2372 elati
374 2324 465 2392 atque
483 2317 659 2393 impotentes
673 2317 778 2379 animi.
820 2316 856 2376 In
872 2315 1009 2376 versione
1021 2335 1105 2376 secus
1119 2325 1173 2376 est.
1247 2325 1272 2382 c

236 2402 309 2478 Pag.
332 2405 383 2464 22.
406 2399 461 2458 lin·
483 2403 532 2464 10.
552 2393 606 2472 τοῖς
625 2393 808 2474 incidisses
825 2397 974 2485 broseim]
994 2399 1088 2460 Voces
1106 2397 1249 2476 scottia·

149 2499 197 2556 τις
216 2491 246 2542 et
261 2481 434 2558 ὕωτξέῖαοτς
454 2502 518 2544 non
539 2493 611 2544 sunt
624 2483 657 2542 in
670 2483 804 2543 Lexicia:
825 2483 883 2544 hae
894 2483 989 2544 utitur
1001 2485 1060 2544 Leo
1076 2490 1126 2552 12.
1139 2486 1174 2546 D.
1189 2486 1245 2544 ilia

147 2565 244 2627 hicet
264 2571 316 2633 82.
338 2565 374 2628 A.
392 2567 444 2634 46.
452 2567 487 2626 Β.
503 2568 537 2632 G.
552 2574 603 2633 77.
620 2568 651 2626 C.
670 2571 720 2634 82.
731 2567 765 2628 Β.
795 2563 1012 2650 Παροξελαύνω
1026 2575 1078 2635 92.
1092 2569 1125 2628 Β.
1145 2579 1174 2629 et
1191 2570 1243 2638 91.

149 2650 184 2710 G.
209 2647 269 2724 Τοῖς
288 2645 609 2725 ῖτττλοὶοτιςῖττοτοτῖντο
624 2650 714 2712 habet
725 2651 865 2731 Agathias
879 2653 930 2720 26.
944 2653 978 2712 A.
994 2656 1046 2718 83.
1063 2653 1095 2714 C.

235 2731 314 2794 rhed.
336 2735 463 2802 10212.
484 2741 530 2822 πῇ
549 2733 582 2798 di
602 2732 797 2820 rependerim]
820 2737 949 2798 Verbum
969 2730 1126 2818 ποοοδεύω
1150 2736 1244 2796 miror
1332 2731 1337 2739 ’
1373 2771 1375 2775 ,

149 2817 224 2878 item
237 2819 271 2877 in
284 2819 401 2878 Lexiois
414 2819 563 2898 omissum,
585 2839 654 2880 cum
668 2829 801 2897 utantur,
814 2825 932 2902 praeter
939 2821 1067 2882 Leonem
1080 2819 1111 2880 h.
1118 2821 1153 2896 1.‚
1165 2821 1244 2882 seri·

148 2911 252 2986 ptores
270 2902 345 2962 bene
365 2902 460 2964 multi.
501 2906 531 2964 S.
556 2903 682 2965 Ioannes
704 2904 856 2984 chrysost.
878 2906 913 2964 In
933 2905 1082 2966 nativitat.
1101 2923 1245 2983 praecur-

149 2987 226 3048 soris
239 2987 302 3048 vn.
315 2990 388 3053 393.
401 2993 452 3055 27.
470 2986 490 3052 5
501 2983 640 3069 Ἰωάννης
651 2985 825 3070 renotatam
838 2993 896 3054 τοοῖ
908 2989 1034 3070 Κυρίου.
1077 2990 1107 3046 S.
1117 2988 1246 3050 Bssilius

148 3073 218 3134 Non
237 3071 458 3132 adhaerendum
479 3091 541 3134 esse
564 3074 652 3134 rebus
674 3073 817 3134 saeculnm
830 3075 853 3134 Ι.
869 3075 941 3141 569.
957 3074 989 3135 G.
1004 3073 1036 3136 oi
1049 3070 1082 3139 di
1096 3066 1246 3154 npoodeai.

149 3175 256 3232 σοντες
277 3150 423 3239 ἀνέμενον
434 3153 489 3220 τὸν
502 3152 699 3237 praeirem.
742 3157 827 3232 Quae
839 3159 905 3240 ipsa
916 3157 1008 3218 rerba
1022 3157 1112 3218 iteret
1126 3157 1247 3216 Nicetes

149 3241 309 3303 Heracleae
331 3242 523 3322 metropolita
548 3243 658 3302 Catena
687 3242 721 3302 in
745 3242 798 3304 Iob
820 3247 892 3310 608.
915 3241 947 3304 0.
991 3241 1066 3322 Item
1085 3239 1246 3320 participio

150 3321 324 3407 ποοοδτοῖων
344 3327 508 3388 Germanus
521 3327 694 3408 Gpolitsnus
708 3326 793 3392 Orat.
804 3327 838 3388 in
855 3331 885 3387 S.
899 3345 1019 3387 crucem
1030 3327 1103 3392 320.
1118 3323 1153 3386 Β.
1169 3323 1248 3384 Fre-

151 3412 290 3490 quentius
302 3420 399 3472 tamen
413 3419 577 3492 usurpatur
587 3411 781 3492 participium
794 3411 947 3492 praeterit.
961 3418 1038 3486 act,
1059 3409 1145 3470 velut
1158 3428 1175 3466 a
1187 3409 1249 3468 Lu·

152 3495 239 3554 niano
260 3494 435 3556 Hermotim.
458 3495 481 3555 1.
504 3497 575 3562 816.
599 3500 650 3563 28.
670 3490 836 3576 ἠκολούθει
856 3502 919 3569 τοῖς
939 3498 1000 3557 τοῖν
1012 3486 1247 3574 προωδεοκὸτων

151 3577 253 3659 ἴχνεσι.
295 3579 382 3640 Unde
394 3581 520 3640 fortusse
535 3582 564 3640 S.
580 3581 742 3660 Gregorius
754 3581 903 3683 Npssenns
916 3579 954 3639 In
969 3578 1081 3638 Cantic.
1097 3578 1246 3638 Canticor.

150 3663 176 3726 1.
194 3664 265 3730 501.
286 3663 322 3727 A.
343 3669 407 3737 τοῖς
429 3664 523 3745 ἴχνεσι
543 3669 605 3728 τοῖν
621 3667 852 3748 ποοωδτοττοτων
867 3658 1029 3746 ἑπόμενος·
1051 3672 1081 3722 et
1095 3662 1240 3724 Eusebius
1247 3679 1273 3735 Β
1357 3683 1359 3699 ¹

150 3745 266 3808 Hister.
279 3747 449 3809 Eccleaimt.
466 3749 496 3814 4.
510 3748 545 3810 A.
558 3742 733 3832 ἆνθοοῖντων
753 3772 788 3834 ys
800 3745 862 3830 μήν
877 3742 1017 3829 οὐδαμοῖς
1031 3745 1131 3830 cipeto
1142 3741 1202 3810 οἶοί
1215 3767 1248 3810 τι

151 3827 234 3906 ὅπερ
250 3831 318 3912 im
330 3829 440 3914 popei,
453 3829 511 3914 τὴν
524 3827 620 3914 adoaia
633 3832 710 3914 sipia
729 3828 962 3916 προωδευκότων
976 3825 1056 3908 triv,
1070 3853 1101 3892 ae
1115 3830 1248 3891 consori-

150 3917 270 3978 bsntem
285 3915 442 3978 historiam
454 3917 683 3978 eeclesiasticam
696 3938 811 3978 novum
823 3937 920 3997 neque
931 3918 988 3978 ulli
1000 3926 1086 3976 antea
1100 3925 1248 3976 tentatum

150 3999 211 4061 iter
244 4001 409 4080 ingressum
432 4002 547 4076 (minus
568 4003 676 4083 opinor
696 4012 849 4066 accurator
877 4001 1115 4082 quandoquidem
1132 4001 1248 4080 primus

149 4081 306 4146 historiam
325 4085 554 4148 ecelesiasticam
574 4087 894 4148 conditionatum
906 4087 968 4148 diei
983 4095 1099 4166 potest,
1125 4086 1195 4148 inde
1210 4083 1248 4144 ab

152 4177 224 4229 ortu
243 4170 369 4247 Christi,
391 4191 466 4251 quae
476 4170 607 4232 historia·
619 4173 714 4253 ipsius
729 4172 890 4252 Evangelio
905 4181 935 4232 et
948 4171 1033 4232 Actis
1051 4171 1154 4251 Apost.
1172 4191 1248 4230 con-

150 4252 289 4336 tinetur).
330 4255 526 4338 Partieipium
546 4254 744 4339 ττροωδτοττοῖς
760 4257 917 4338 pluraliter
930 4257 1011 4338 apud
1029 4258 1058 4316 S.
1071 4254 1248 4334 Gregorinm

150 4337 277 4420 Nyssen.
304 4339 347 4401 De
368 4341 546 4405 beatitudin.
566 4345 638 4412 81³.
659 4342 695 4408 Β.
715 4337 796 4419 τινὸς
814 4345 876 4408 τοῖν
897 4335 1147 4428 προωδευκότων·
1170 4348 1200 4400 et
1212 4339 1250 4398 ln

218 4437 274 4493 heo
292 4439 428 4495 Βῖοωοω.
1002 4430 1045 4493 27

1402 3348 1503 3388 κ..
