2994 4796
393 371 440 440 nr
458 370 822 484 nsons'nncon
842 319 983 443 nan.
1119 362 1240 450 ,495
1302 411 1308 422 ·
1413 395 1417 402 ·

145 527 397 612 quenadmodum
411 539 581 590 senescente
593 529 743 591 latinitate
756 527 891 606 locutio,
912 527 960 588 r'es
979 526 1025 589 ad
1041 550 1088 590 ιιιτ
1099 534 1240 612 pertinet,

144 635 313 697 synonyma
326 616 405 684 sacta
418 625 463 674 est
476 615 533 691 illi,
554 615 602 673 r'es
614 615 693 672 milri
706 627 748 672 est
756 617 887 695 propris
903 611 997 699 (unde
1010 617 1102 678 verba
1114 618 1240 678 barbara

144 703 332 781 appertinere
346 711 376 760 et
388 700 614 780 appartenire),
636 701 740 760 eodem
751 701 841 760 modo
854 701 935 780 apud
952 702 1080 762 Graecos
1095 703 1240 784 sequioris

142 785 249 845 aetatis
269 783 357 849 τοῦτό
373 809 423 866 μοι
440 785 575 866 διαφέρει
597 785 763 864 significet,
783 785 841 844 Ιιοο
855 806 953 856 meum
968 797 1020 849 est.
1059 787 1150 868 Apud
1168 784 1240 850 Pal-

143 871 257 936 ladium
274 871 342 932 Vita
357 873 386 932 S.
404 871 523 930 loannis
538 867 691 950 Chrysost.
706 875 756 938 81.
770 871 802 930 C.
824 870 982 951 episcopus
996 870 1173 968 Imperatori
1186 873 1240 932 di-

145 957 203 1029 cit,
225 951 318 1037 ἦγοῖρ
333 951 421 1029 πόλις
435 975 484 1019 σοι
498 955 651 1038 διαφέρει,
673 958 731 1014 civ.
753 955 810 1014 tati
823 955 931 1032 est,'h.
951 977 976 1018 e.
997 967 1033 1015 tu
1052 978 1083 1016 es
1102 959 1240 1016 civitatis

144 1039 296 1100 dominus.
323 1043 352 1100 S.
368 1041 498 1102 Isidorus
514 1041 662 1101 Pelusiota
676 1041 768 1120 Epist.
784 1061 878 1102 ccxci.
890 1041 928 1100 ad
943 1041 1109 1119 Titianum,
1124 1043 1194 1107 104.
1206 1041 1239 1104 C.

145 1123 180 1190 τδ
201 1117 255 1198 orig
274 1130 330 1187 τοῦ
352 1124 469 1188 οἰκέτου
491 1119 635 1206 ἀπέτεμε,
657 1131 713 1188 τοῦ
728 1129 773 1211 epi
796 1127 871 1204 ἱερεῖ
888 1125 1098 1208 διαφέροντος,
1121 1129 1177 1206 qui
1197 1124 1242 1184 ad

145 1209 330 1269 sacerdotem
347 1211 512 1284 attinebat,
541 1213 634 1271 vertit
656 1211 779 1276 Iacobus
799 1210 915 1271 Billius.
948 1211 1114 1292 Horspollo
1128 1209 1240 1270 Hiero·

3 1361 4 1370 ¹
96 1365 107 1380 ι
146 1293 296 1375 glyphicis
312 1299 360 1360 18.
374 1296 407 1357 Β.
424 1291 626 1378 ἡμονόκερως
641 1295 693 1358 καὶ
707 1289 901 1378 έδιόμορφος,
923 1292 963 1378 ἢν
976 1296 1070 1382 Ἑρμῇ
1084 1284 1240 1378 διαφέρειν

145 1376 300 1460 ἐνόμισαν.
350 1381 500 1440 Mercerus
525 1403 589 1440 non
614 1383 708 1459 male,
729 1383 880 1441 Μετοιινὶο
902 1403 1026 1440 sucrum
1053 1393 1140 1442 esse.'
1164 1380 1240 1440 Item

145 1465 221 1525 bene
236 1465 383 1546 interpres
400 1467 526 1526 Concilii
548 1467 670 1526 Oscum.
683 1467 776 1544 sexti,
797 1467 849 1528 111.
872 1472 964 1534 1297.
985 1467 1020 1528 Β.
1041 1466 1074 1530 έν
1094 1465 1140 1530 tvl
1155 1459 1240 1548 perol-

126 1573 202 1636 οφ,
224 1549 397 1630 διαφέροντι
405 1557 444 1638 τῇ
459 1555 540 1639 μονῇ
554 1546 786 1636 Χρυσοπόλεοις·
808 1555 842 1610 in
857 1573 918 1610 ιιιτο
933 1563 1054 1628 metato,
1078 1554 1157 1612 iuris
1169 1557 1267 1613 nto-0

143 1637 272 1694 nusterii
298 1635 536 1716 Cleristopoleos:
559 1657 728 1716 quanquam
745 1657 830 1696 error
853 1636 945 1696 sitin
968 1630 1133 1696 novissima
1153 1656 1239 1696 vocs.

64 1775 68 1782 .
144 1722 254 1782 Contra
264 1721 390 1800 pessime
402 1721 584 1783 Godesridus
597 1723 772 1782 Tilmannus
781 1721 814 1780 in
830 1723 860 1780 S.
874 1721 1024 1782 Antiocho
1036 1721 1145 1782 Homil.
1152 1741 1237 1782 axvi.

143 1807 180 1869 de
193 1807 322 1888 veritate
336 1807 358 1870 1.
376 1812 467 1874 1127.
479 1809 514 1867 l).
531 1803 564 1870 τδ
578 1803 634 1890 γδρ
649 1811 754 1888 pcipe
770 1811 813 1892 τῷ
827 1808 968 1886 δνσμενεῖ
979 1805 1131 1889 διαφέρει,
1153 1821 1240 1865 men-

143 1891 270 1956 dacium
283 1891 366 1950 leuati
383 1892 577 1971 [Ιιοιτιίιιιιιιρ,
597 1891 627 1954 h.
644 1911 668 1951 e.
686 1893 826 1970 Diabolo]
844 1895 1005 1972 proprium
1025 1903 1087 1971 est,
1109 1891 1153 1952 sic
1168 1911 1240 1952 ver-

141 1978 199 2038 tit:
220 1977 304 2036 nihil
325 1979 404 2036 enim
428 1977 467 2035 ab
487 1979 572 2036 hoste
595 1977 748 2036 Immunes
770 1979 884 2036 salutis
912 1975 1017 2058 differt
1036 1975 1239 2058 mendacium.

142 2063 205 2122 Nec
219 2062 331 2122 rectius
352 2071 489 2122 vetustus
511 2063 657 2142 interpres
674 2061 900 2144 supplicationis
918 2061 1098 2122 clericorum
1117 2071 1149 2120 et
1170 2083 1241 2122 mo·

142 2146 308 2206 nocherum
323 2147 498 2208 Antiochiae
515 2148 548 2208 in
569 2147 702 2208 Concilio
722 2149 837 2229 Cptano
851 2142 914 2207 ¹suh
933 2147 1019 2207 Mene
1034 2147 1071 2207 11.
1097 2150 1187 2214 1820.
1205 2147 1240 2208 C.

143 2231 177 2290 in
194 2232 314 2312 phrasi,
336 2233 383 2292 illi
394 2235 502 2292 Leonis
515 2254 578 2292 non
594 2232 735 2292 absimili:
757 2229 794 2296 tei
817 2231 999 2314 διαφέροντα
1021 2225 1099 2316 αὐτῇ
1122 2232 1240 2310 [οοοΙο-
1347 2293 1349 2300 ,

142 2317 223 2397 siae]
245 2321 426 2398 σκορπέζαιν,
448 2341 498 2394 ea,
523 2340 602 2398 quae
615 2321 676 2397 ipsi
690 2317 845 2378 Ecclesiae
862 2321 1027 2395 conferunt,
1050 2315 1240 2396 dissipando.

132 2403 261 2477 Scribe,
285 2403 364 2462 bona
379 2407 454 2464 eius.
494 2391 600 2463 Melius
612 2404 759 2484 interpres
775 2413 928 2464 assecutus
940 2423 1058 2464 sensum
1075 2411 1121 2462 est
1134 2401 1242 2462 Actio-

3 2550 7 2571 ,
88 2567 93 2574 .
140 2507 180 2548 ne
195 2489 284 2549 tertia
292 2490 420 2550 Consilii
432 2487 524 2554 eiusd.
538 2490 574 2552 ll.
585 2491 676 2557 1241.
687 2491 721 2552 C.
735 2483 961 2580 napsysvipetln
977 2487 1027 2552 sel
1042 2487 1074 2552 έν
1087 2492 1130 2572 τῷ
1144 2509 1238 2570 προα-

141 2569 228 2658 eselci
247 2579 290 2660 τῷ
310 2575 485 2658 διαφέροντι
502 2580 546 2660 τῷ
567 2569 649 2661 calepi
669 2574 791 2661 Πέτρῳ,
812 2577 927 2634 ivimus
949 2573 995 2634 cul
1014 2573 1237 2648 suburbanum,

15 2735 27 2744 ·
142 2657 229 2737 quod
233 2662 363 2736 pertinet
378 2664 440 2740 ipsi
456 2665 565 2724 Petro:
585 2661 646 2720 nisi
658 2661 740 2742 quod
758 2665 924 2741 pronomen
937 2653 1043 2737 αδτδς,
1064 2663 1145 2740 urse,
1168 2678 1239 2718 cum

141 2741 159 2805 δ
183 2737 288 2817 αὐτὸς,
317 2744 412 2822 idem,
434 2747 510 2806 male
540 2747 727 2822 confuderit,
749 2747 956 2826 Romanaeque
983 2767 1068 2806 aures
1087 2747 1239 2825 pertinere

142 2825 243 2886 alicui
255 2847 339 2903 aegre
354 2831 432 2888 ferre
448 2830 574 2909 possint.
607 2831 652 2890 Ita
666 2831 792 2892 inferius
806 2852 925 2912 quoque
940 2831 1033 2898 1241.
1049 2831 1083 2892 D.
1099 2830 1133 2894 έν
1147 2853 1239 2911 ιιροα-

143 2911 252 2984 στείοις
275 2911 471 2993 διαφέρουσιν
487 2908 570 2999 αὐτῷ
589 2937 621 2980 τε
642 2909 776 3000 Ἀνθέμφ
803 2916 854 2979 καὶ
882 2915 1006 2998 Πέτρῳ,
1028 2918 1062 2974 in
1084 2913 1241 2974 suburbiis

137 2995 361 3076 pertinentibus
377 3000 438 3076 ipsi
452 2999 600 3058 Antlrimo
621 3011 649 3058 et
666 3004 774 3075 Petro,
797 2999 926 3060 scribere
949 2999 1055 3058 saltem
1078 2999 1267 3079 oportebatD
1378 2997 1380 3000 ’

144 3077 190 3140 ad
203 3079 388 3141 Anthimum
410 3093 437 3142 et
453 3073 535 3142 Petri
568 3085 623 3144 Sed
641 3085 722 3165 apud
744 3083 928 3164 Stephanum
950 3085 1074 3163 Byzant.
1090 3085 1134 3143 Ι)ο
1151 3083 1239 3142 urbi·

141 3165 198 3229 bus
214 3169 265 3232 78.
279 3168 313 3226 Β.
333 3172 427 3249 νῆσος
440 3167 626 3250 διαφέρουσα
640 3168 696 3250 μὲν
709 3173 752 3254 τῷ
764 3165 955 3251 πονευφήμφ
971 3169 1125 3253 ποτρικέρι,
1147 3171 1240 3228 insu·

142 3252 176 3312 la
187 3255 316 3332 propria
329 3255 448 3313 illustri
458 3257 594 3335 patricio
602 3299 612 3333 ,
633 3255 787 3315 Berkelius
803 3264 921 3314 tuntum
941 3274 1003 3312 non
1020 3253 1147 3314 ridicule
1166 3272 1240 3312 ver·

141 3337 197 3411 tit,
220 3341 326 3398 insula
347 3339 500 3420 quaedum
517 3351 560 3398 est
581 3344 692 3399 eximia
715 3339 803 3420 apud
824 3339 1046 3398 celeberrimum
1053 3339 1240 3418 patricium.

141 3419 181 3480 Et
190 3423 224 3482 in
234 3422 458 3505 'theophylacto
470 3426 626 3504 Balgariae
634 3423 818 3506 Archiepisc.
833 3419 928 3506 Epist.
940 3445 1041 3484 ωτι.
1054 3421 1240 3484 adhlichatl.

142 3505 321 3572 Chalcedon·
336 3530 404 3574 vm.
419 3513 490 3578 848.
505 3513 540 3570 l).
562 3512 665 3595 ένορέα
683 3513 729 3585 τίς
751 3511 827 3588 loss,
849 3515 888 3597 τῇ
903 3505 980 3574 καθ’
997 3507 1085 3590 ἡμῶν
1108 3503 1240 3590 οἷρχιειιι-

141 3597 242 3678 οιιοιτῇ
258 3593 458 3675 διαφέρουσα·
479 3597 627 3678 interpres
643 3591 764 3657 Latialis
777 3596 952 3658 Vincentius
965 3593 1161 3656 Mariuerius:
1183 3595 1243 3654 Est

141 3677 271 3757 quidam
287 3679 347 3737 loci
358 3685 524 3758 terminus,
539 3683 676 3744 anostra
691 3682 956 3762 archiepiscopatu
973 3679 1120 3742 diversus.
1141 3678 1242 3758 verte,

139 3781 170 3824 n.
197 3763 474 3844 archipiscopatui
488 3771 650 3847 proprius.
690 3767 766 3828 Item
788 3761 884 3847 Epist.
901 3785 1012 3828 mm.
1035 3767 1075 3825 ad
1098 3765 1243 3826 Ioannem

8 3857 12 3864 =
79 3857 86 3872 r
140 3845 304 3908 camma.
324 3850 402 3910 vni.
419 3852 492 3918 set.
506 3852 537 3912 c.
558 3855 669 3936 ,ερον
683 3857 723 3940 τῇ
738 3848 817 3918 καθ’
832 3852 914 3934 ἡμᾶς
929 3851 1071 3936 sunnon
1086 3849 1242 3933 διαφέρον,
1343 3909 1346 3914 ·

137 3936 692 4104 tt‘i23.?tt“tt·tlttt⁹.ttt,
707 3937 1134 4102 lt‘tt‘tclttt..”tt‘f
1147 3937 1243 4082 ‘tlt

137 4099 209 4178 sim,
232 4101 258 4160 si
274 4103 395 4184 liberet,
417 4107 554 4186 pluribus
570 4109 715 4190 exemplis
728 4110 831 4191 lapsus
845 4109 1043 4186 eruditorum,
1059 4103 1151 4168 huius
1166 4127 1242 4187 quo-

136 4203 196 4264 que
219 4190 338 4266 aetatis,
359 4191 393 4252 in
416 4191 518 4252 eadem
542 4213 618 4256 voce
641 4196 817 4276 patefacere.
840 4195 903 4272 ,Ns
922 4195 1030 4274 longus
1052 4193 1140 4270 fiam,
1162 4191 1242 4252 illud

135 4269 284 4332 duntaxat
302 4275 428 4352 addam,
450 4277 565 4358 primo,
587 4281 648 4342 dici
661 4301 724 4340 non
740 4282 801 4341 ulio
813 4300 905 4344 sensu
919 4279 951 4350 pl
966 4277 1173 4362 διαφέροντες,
1185 4296 1243 4335 ²2⁰⁸

129 4357 273 4439 procles,
305 4358 355 4420 die
386 4363 618 4446 Angelriirigen,
639 4369 821 4449 propinqui.
864 4364 1072 4428 Artemidorus
1100 4363 1242 4428 onirocr·
