3038 4796
249 310 326 386 344
555 315 820 390 LUITPRANDI
839 314 1038 384 LEGATIQ

250 499 305 540 san
319 476 416 540 dabit:
437 475 556 538 ismaim
570 475 718 556 quidquid
728 473 915 554 calamitatis,
936 473 1086 554 quidquid
1096 472 1230 556 rapinae,
1251 472 1342 556 quid·

251 578 326 661 quid
348 577 514 658 dispendii,
536 577 686 657 quidquid
707 577 825 651 luctus,
846 576 995 658 quidquid
1017 575 1152 638 misesiae
1174 577 1344 656 excogitare

223 680 367 764 cpotuit,
389 679 474 760 quasi
494 687 613 740 torrens
625 679 792 758 inundans,
814 678 847 738 in
867 700 922 739 nos
938 677 1055 740 effudit.
1096 677 1159 740 Nec
1171 679 1204 739 in
1223 689 1342 740 centum

249 781 358 863 viginti
379 781 483 842 diebus
505 799 567 840 nna
589 781 693 842 saltem
721 779 893 861 praeteriit,
924 798 998 860 quae
1023 799 1086 862 nou
1103 780 1230 858 gemitus
1254 780 1342 850 nobis

248 884 414 969 praeberet,
436 893 466 943 et
477 881 585 946 luctus.
628 881 729 943 Pridie
742 901 836 942 nonas
848 881 937 958 Iunii,
958 889 994 941 ut
1007 881 1143 961 superius
1156 881 1340 964 scripsimus,

246 983 539 1065 Constantinopolim
554 993 622 1044 ante
636 995 755 1064 portam
771 987 893 1048 Curmm
909 979 939 1068 8)
965 981 1118 1060 venimus,
1140 992 1170 1044 et
1190 1003 1285 1064 nsque
1301 983 1341 1044 ad

244 1087 435 1150 undecimam
454 1086 560 1148 horam
585 1107 654 1146 cum
676 1087 776 1168 equis,
798 1109 862 1148 non
881 1085 998 1147 modica
1017 1083 1139 1166 pluvia,
1166 1087 1339 1168 expectavi-

246 1209 322 1252 mus.
364 1187 529 1249 Undecima
540 1207 614 1250 vero
627 1186 704 1248 hora
716 1209 780 1250 non
790 1199 872 1251 ratus
884 1185 1070 1269 Nicephorus
1083 1207 1139 1247 nos
1150 1188 1255 1267 dignos
1268 1207 1339 1264 esse,

246 1301 309 1352 tam
325 1301 447 1353 ornatos
461 1299 561 1350 vestra
572 1288 779 1352 misericordia
793 1291 941 1372 equitem,
964 1289 1067 1352 venire
1079 1288 1185 1368 iussit,
1206 1301 1236 1352 et
1248 1311 1341 1372 usqne

245 1393 280 1454 in
300 1394 463 1474 praefatam
484 1391 608 1452 domum
626 1411 838 1472 marmoream,
861 1393 1006 1469 invisam,
1027 1392 1222 1472 inaquosam,
1242 1403 1339 1474 patu-

243 1495 304 1556 lam
332 1515 434 1554 sumus
460 1492 590 1554 deducti.
643 1493 765 1558 Octavo
784 1505 898 1574 autem,
924 1495 959 1556 id
976 1504 1021 1554 est
1036 1489 1067 1580 ⁴)
1093 1494 1218 1556 Sobbato
1241 1495 1339 1576 primo

247 1595 363 1658 dierum
381 1598 572 1658 Pentecostes
592 1605 662 1658 ante
676 1597 777 1658 fratria
798 1599 860 1658 eius
874 1597 980 1657 Leonis
992 1597 1146 1678 Coroplati
1163 1593 1210 1678 ⁶),
1233 1607 1263 1656 et
1278 1597 1340 1656 Lo-

246 1698 382 1778 gothetae
399 1699 595 1781 praesentiam
614 1719 681 1760 sum
695 1698 857 1776 deductus,
877 1699 981 1760 ubido
996 1699 1147 1781 Impexiali
1164 1707 1266 1760 vestro
1280 1718 1338 1757 no-

213 1801 327 1868 Dmine
347 1821 453 1881 magna
474 1821 575 1862 sumus
596 1803 787 1862 contentione
812 1801 937 1882 fatigati.
984 1801 1053 1882 lpse
1074 1801 1154 1862 enim
1177 1820 1249 1876 vos,
1277 1819 1339 1859 non

245 1904 474 1983 Imperatorem,
493 1904 526 1962 id
546 1911 592 1964 est
612 1902 735 1985 βασιλέα
749 1924 803 1962 cua
823 1903 944 1982 lingua,
967 1903 1021 1964 sed
1040 1904 1078 1962 ob
1099 1898 1338 1980 indignationem

246 2004 341 2086 ρῆγα,
361 2005 397 2065 id
417 2013 464 2066 est
483 2007 596 2086 Regem
617 2013 721 2067 nostra
743 2005 878 2066 uocabat.
921 2005 977 2064 Cui
1000 2026 1070 2065 cum
1091 2005 1237 2082 dicerem,
1259 2004 1340 2084 quod

245 2105 429 2185 significatur
450 2107 530 2168 idem
552 2127 630 2186 esse,
652 2107 788 2190 quamvis
811 2108 892 2188 quod
913 2107 1063 2187 significat
1084 2105 1253 2183 diversum,
1284 2126 1337 2178 me,

244 2207 298 2286 ait,
322 2228 384 2268 non
396 2208 494 2290 pacis,
511 2209 564 2270 sed
576 2210 778 2294 contentionis
794 2231 881 2272 causa
895 2209 1022 2287 venisse,
1044 2211 1146 2289 sicque
1159 2208 1255 2268 iratus
1270 2229 1334 2269 sur-

245 2329 334 2388 gens,
356 2319 471 2372 vestras
486 2311 608 2390 literas,
628 2333 699 2376 vere
720 2313 895 2394 indignans,
916 2333 980 2372 nou
1001 2331 1056 2391 per
1076 2331 1123 2388 se,
1144 2311 1197 2371 sed
1213 2331 1268 2392 per
1285 2311 1338 2371 io-

244 2419 406 2492 terpretem
422 2414 571 2494 suscepit,
592 2413 683 2475 homo
697 2415 762 2495 ipse
775 2415 814 2474 ad
825 2433 983 2496 personam
996 2413 1070 2472 satis
1084 2433 1242 2494 procerus,
1264 2415 1339 2474 falso

134 2505 191 2560 0⁰¹·
207 2507 233 2562 ἰ
249 2509 389 2572 humilies
416 2513 466 2572 cui
491 2515 516 2574 si
542 2515 659 2576 innisus
682 2515 774 2576 homo
797 2516 904 2594 fuerit,
931 2537 1052 2576 manum
1076 2516 1139 2576 eius
1165 2516 1340 2598 perforabit.

245 2613 378 2696 Septimo
392 2623 491 2675 autem
506 2616 539 2676 id
558 2627 603 2678 est
616 2613 644 2704 ⁶)
668 2616 738 2699 ipso
756 2617 901 2679 videlicet
918 2620 1029 2677 Sancto
1044 2617 1091 2677 die
1105 2603 1291 2678 Pentecostea
1305 2619 1339 2678 iu

246 2715 351 2793 domo,
381 2733 456 2794 quae
477 2717 590 2782 dicitur
609 2713 765 2800 Στεφάνα,
786 2718 820 2778 id
840 2729 886 2779 eet
905 2721 1076 2781 Coronorio
1093 2729 1163 2780 ante
1181 2719 1340 2801 Nicepho-

247 2838 315 2878 rum
336 2837 403 2878 sum
423 2817 588 2900 deductus,
615 2819 768 2882 hominem
789 2821 860 2882 satie
884 2831 1126 2899 monstruosum,
1153 2843 1338 2902 pygmaeum,

249 2919 345 2999 capite
358 2917 511 3000 pinguem,
531 2934 618 3005 atque
630 2924 786 2985 oculorum
800 2923 949 3005 parvitate
960 2923 1119 3006 talpinum,
1139 2923 1230 2983 barba
1244 2936 1338 3016 curta,

244 3022 321 3098 lata,
349 3021 460 3103 spissa,
488 3033 519 3085 et
539 3025 689 3088 semicana
709 3025 880 3104 foedatum,
901 3026 1019 3086 cervice
1036 3025 1154 3104 digitali
1173 3035 1339 3108 turpatum,

151 3194 154 3202 Ι
243 3123 436 3204 prolixitate,
457 3134 488 3187 et
504 3126 650 3190 densitate
664 3147 818 3189 comarum
832 3128 902 3189 eatis
914 3127 1018 3208 iopam
1031 3121 1078 3212 ⁷),
1099 3127 1199 3189 colore
1213 3127 1340 3190 Aethio·

244 3243 333 3305 pem,
355 3225 406 3286 cui
419 3246 473 3308 per
487 3227 617 3288 mediam
634 3228 712 3290 nolis
728 3249 885 3290 occurrere
898 3239 1035 3290 noctem·
1055 3240 1161 3291 ventre
1174 3240 1339 3308 extensum,

245 3327 409 3388 natibus
385 3349 512 3407 uocum,
534 3329 620 3390 coxis
636 3329 676 3390 ad
688 3351 862 3392 mensuram
875 3331 971 3412 ipsam
989 3331 1110 3392 brevem
1124 3332 1340 3412 longissimum,

246 3428 382 3491 crumbue
403 3449 548 3510 parvum,
577 3431 738 3511 calcaneis,
767 3433 953 3514 pedibusque
980 3432 1148 3514 aequalem,
1175 3435 1284 3497 villino
1305 3435 1341 3515 ⁸),

245 3527 336 3590 sed
306 3527 393 3591 nimis
404 3541 573 3612 veternoso,
586 3533 639 3596 vel
652 3534 873 3600 diutmuitate'
864 3556 930 3618 ipsa
944 3533 1067 3612 foetido,
1085 3537 1235 3616 etpallido
1250 3559 1341 3599 orna·

220 3639 350 3693 Bmento
360 3631 510 3714 indutum,
518 3635 665 3720 Sicyonus
672 3637 876 3700 calceamentis
885 3637 1058 3714 calceatum,
1066 3635 1339 3720 hnguaprocacem,

244 3731 364 3812 ingenio
379 3735 518 3817 uulpem,
540 3739 688 3818 periurio,
709 3761 763 3802 seu
775 3739 930 3802 mendacio
944 3739 1093 3819 Ulyssem.
1135 3741 1257 3822 Semper
1267 3741 1342 3800 mihi

245 3834 358 3896 domim
372 3837 430 3896 mei
446 3837 644 3919 imperatores
659 3841 802 3922 Augusti,
822 3841 947 3904 formosi
964 3851 1077 3921 quanto
1092 3837 1165 3901 hinc
1179 3841 1343 3904 formosio-

244 3955 293 3998 res
315 3937 378 4000 visi
403 3937 495 4001 estis?
524 3961 640 4032 semper
666 3943 782 4025 ornati,
812 3955 924 4027 quanto
944 3941 1018 4006 hinc
1040 3943 1228 4006 omatioreel
1262 3963 1342 4005 aena-

278 4155 310 4222 3)
333 4153 406 4208 Fert.
428 4102 549 4212 ituream
576 4161 654 4216 Gon.
737 4160 770 4232 4)
792 4163 866 4218 Fert.
887 4164 957 4218 ldae.
981 4163 1066 4218 dier.
1143 4161 1177 4232 5)
1201 4161 1342 4231 Clmpffl·

314 4230 367 4276 toe.
391 4225 476 4279 star.
532 4227 757 4298 6)1tm.ltur.
819 4229 1159 4305 inflammetis.
1225 4229 1343 4298 suun
1452 4229 1456 4239 '

315 4293 423 4362 mum
448 4295 528 4350 cas
