3038 4796
247 347 307 416 DE
327 346 484 418 EXPED.
504 345 595 418 sua
612 344 696 418 NIC.
715 344 843 417 Puoc
863 344 926 416 ET
946 344 1002 416 10.
1022 346 1143 422 Teuc
1199 341 1273 418 885

226 605 269 673 11.
299 605 364 673 ax
387 604 648 676 annaneane
673 601 919 674 ANNALIBUS
945 601 1223 677 nascamus„

119 713 124 722 ⁸
251 734 264 750 “
428 758 491 864 (or
509 759 585 816 rom.
601 758 637 826 11,
653 777 680 836 p.
697 757 750 820 477
765 777 838 834 aaa
855 757 896 819 aa
913 759 1025 830 aena.)

636 937 819 956 ...ειη-

262 1064 349 1127 dnno
366 1065 475 1126 ccccl
491 1061 557 1151 (qui
573 1063 621 1127 die
641 1071 661 1135 8
675 1065 761 1128 Febr.
777 1065 812 1132 A.
829 1065 861 1132 G.
881 1069 945 1138 962
961 1069 1078 1152 caepio·
1089 1069 1275 1153 occupabant

177 1169 322 1246 Romani,
350 1169 426 1228 duce
449 1168 617 1228 Domestica
634 1165 662 1250 *)
686 1165 869 1252 (Nicephoro
892 1167 1020 1256 Phoco),
1042 1173 1211 1236 Ain-Zarba
1231 1177 1273 1255 (v.

178 1267 378 1352 Arrazarbum)
393 1271 474 1352 pacis
487 1281 586 1351 pacto,
606 1272 769 1352 paucisque
780 1273 895 1354 aliquot
907 1273 952 1333 ibi
966 1277 1114 1355 peremtio,
1127 1277 1274 1359 plurimoa

177 1374 339 1433 inviolatos
355 1366 553 1434 dimittebant,
594 1372 686 1432 Iidem
695 1417 704 1451 ,
733 1373 837 1432 eodem
854 1376 937 1455 duce,
951 1377 1096 1439 victoriae
1113 1379 1275 1462 inatabant,

177 1477 296 1538 vultum
318 1485 378 1535 tarn
400 1476 524 1554 benigne
541 1473 729 1534 monstranti.
771 1475 918 1538 Haleburn
937 1479 1137 1562 impetebant,
1164 1489 1194 1552 et
1208 1482 1276 1564 ipaa

177 1579 268 1654 urbe,
286 1589 403 1658 praeter
414 1599 526 1655 arcem,
541 1577 743 1659 potiebantur.
767 1577 857 1650 Quod
872 1580 914 1639 ita
931 1581 1064 1660 contigit.
1088 1583 1276 1645 Domesticua

179 1680 397 1741 Seiseddaularn
424 1701 576 1756 securum,
613 1679 804 1757 omniumque
823 1701 925 1741 rerum
949 1667 1086 1761 ignarum
1115 1684 1275 1767 derepente

179 1783 323 1858 obruens,
354 1783 447 1864 copiia
465 1803 520 1864 per
543 1782 637 1842 otium
658 1780 868 1842 contrahendis
888 1783 1073 1846 excludebat.
1121 1787 1273 1870 Correptio

178 1885 270 1964 igitur
281 1883 399 1966 poncia,
421 1886 473 1965 qai
489 1885 627 1962 aderant,
648 1883 779 1944 iactabat
794 1885 968 1945 Halebensia
986 1885 1058 1948 belli
1079 1887 1188 1968 aleam,
1209 1890 1276 1969 aed,

179 1986 293 2047 amireis
313 1987 400 2066 lange
422 1987 578 2068 plurimis,
612 2006 680 2046 cuna
699 1987 805 2066 exigua
827 2007 917 2048 manu
934 1987 968 2046 in
991 1989 1091 2068 sugam
1107 1989 1180 2051 ibat.
1222 1991 1274 2051 sio

178 2089 300 2173 patebat
315 2089 435 2150 Graecia
451 2089 548 2150 omnis
563 2109 631 2168 ager
644 2087 711 2148 arbi
725 2089 895 2167 subiectus,
917 2089 1038 2171 patebat
1050 2089 1143 2170 ipsius
1156 2091 1273 2154 Seised-

179 2193 285 2254 danlae
301 2191 399 2268 regie,
421 2191 471 2251 cui
493 2211 603 2251 nomen
622 2199 685 2250 erat
699 2189 798 2250 Darda
819 2187 885 2274 (aeu
899 2193 1033 2272 geminae
1046 2191 1166 2273 domne)
1188 2201 1273 2255 extra

179 2294 262 2356 urbia
280 2293 423 2353 ambitum
443 2293 509 2371 aito,
533 2292 584 2353 ubi
596 2301 763 2352 tercentum
775 2294 889 2372 argenti
906 2305 989 2356 atreo
1003 2291 1049 2376 **)
1071 2293 1273 2376 inveniebant,

181 2395 413 2479 quadringentos
436 2403 524 2474 atque
544 2393 626 2453 mille
641 2395 754 2472 muloa,
782 2391 992 2478 armorumque
1011 2404 1127 2456 tantum
1143 2417 1275 2478 appara·

178 2509 264 2575 tum,
283 2507 319 2557 ut
341 2499 463 2558 modurn
483 2515 576 2577 paene
595 2495 760 2556 excederet
803 2498 894 2558 Urbis
919 2499 1036 2560 moenia
1059 2505 1126 2556 tum
1144 2498 1273 2559 adnaotia

137 2617 139 2622 '
179 2599 326 2662 machinis
339 2599 523 2680 quatiebant3
540 2597 658 2678 depulsi
670 2608 770 2658 tamen
781 2598 998 2682 oppidanorum
1011 2597 1197 2678 fortitudine,
1206 2621 1272 2660 aaa.

181 2722 239 2782 qne
261 2723 313 2782 ape
336 2701 459 2776 deiecti,
488 2699 660 2780 proximum
681 2700 714 2760 in
741 2711 888 2780 montem,
922 2700 1096 2778 Canachen,
1124 2703 1272 2764 eoncede-

178 2805 264 2866 bant
306 2803 428 2862 Interim
450 2802 601 2862 incidebat
620 2801 654 2861 in
681 2802 761 2862 oivea
790 2811 820 2863 et
835 2801 979 2884 praetorii
1008 2804 1193 2883 peditatum,
1220 2825 1273 2866 eeu

179 2905 346 2990 praesidia,
378 2904 416 2963 ob
438 2903 579 2982 quaedam
598 2903 632 2962 in
652 2903 727 2963 urbe
745 2905 882 2984 rapinae,
910 2903 1035 2981 reditio,
1062 2924 1137 2984 quae
1155 2897 1273 2966 moenia

180 3007 402 3081 defensoribus,
422 3005 454 3064 in
473 3006 571 3066 lorum
585 3005 848 3083 concurrentibus,
868 3005 1011 3066 nudabat.
1054 3005 1151 3080 Quam
1164 3008 1273 3070 viden-

179 3123 224 3174 tea
250 3110 357 3172 Graeci
375 3107 566 3169 solitudinem
587 3115 616 3165 et
637 3107 814 3167 intestinam
832 3107 1012 3184 tumultum,
1033 3107 1131 3167 anbito
1163 3108 1272 3187 adorti,

181 3213 344 3293 effringunt
358 3219 475 3292 portae,
497 3207 656 3288 gladioque
673 3209 706 3268 in
720 3207 839 3269 virilem
854 3217 978 3285 aetatem
993 3216 1180 3286 graaaantur3
1201 3208 1273 3286 plna

181 3317 283 3377 decem
308 3313 402 3374 millia
424 3330 586 3392 puerorum
605 3311 761 3392 utriunque
779 3331 868 3372 aexm
889 3318 1060 3390 asportant,
1088 3317 1118 3367 et
1133 3307 1272 3388 praedam

182 3428 295 3496 cogunt
309 3413 532 3489 incredibilem,
554 3411 604 3471 cui
618 3413 792 3474 deferendae
807 3434 898 3494 quum
912 3432 974 3471 non
988 3408 1175 3486 sufficerent,
1197 3427 1274 3489 qaae

180 3529 300 3602 praesto
332 3517 455 3576 aderant
482 3515 631 3590 iumenta,
663 3516 725 3594 igni
753 3516 828 3576 dant
850 3531 926 3593 quae
959 3511 1075 3570 autema
1101 3507 1273 3588 nequibant.

181 3623 303 3682 Decimo
319 3619 355 3680 ab
372 3640 404 3680 ea
421 3617 548 3676 victoria
564 3615 611 3675 die
627 3617 762 3698 receptui
775 3615 899 3678 canebat
914 3613 1099 3674 Domesticua
1111 3621 1141 3670 et
1152 3629 1275 3690 gravem

108 3753 114 3758 ·
181 3723 294 3806 praeda
311 3720 477 3782 executum
497 3717 664 3780 deducebat
681 3739 737 3800 par
756 3739 860 3800 agam
872 3715 1084 3793 Halebenaem,
1103 3711 1187 3794 pegia
1199 3731 1274 3793 por-

215 3922 245 3992 *)
262 3921 315 3992 Ipsi
326 3917 473 3992 imperatori
485 3911 634 3988 Nicephoro
643 3915 745 3972 Phocea
755 3913 848 3972 tn'bait
854 3916 987 3972 cedreno·
999 3910 1191 4035 occupationem
1204 3910 1275 3965 Ana-

251 3993 324 4045 zarbi
338 4009 362 4061 p.
379 3985 438 4052 664,
449 3988 488 4051 D;
499 4005 521 4047 ¹e
537 4004 587 4056 quo
605 3993 678 4056 patet
697 3987 848 4041 Abnltedam
865 3991 1009 4056 temporum
1026 4000 1056 4036 or
1075 3998 1142 4034 raam
1154 3979 1275 4043 turbarer

250 4061 381 4113 cedrenus
395 4060 535 4110 baecanno
558 4055 700 4175 Nicephari
720 4057 821 4110 Phocea
839 4054 1002 4125 imperatoria
1021 4049 1131 4105 sectando
1142 4047 1276 4111 adacribit,

268 4131 295 4182 ut
313 4129 342 4182 in
361 4131 391 4182 Α.
415 4125 478 4178 cnr.
494 4121 548 4180 964
563 4123 630 4176 incid
642 4132 660 4178 t
685 4123 718 4178 R.
753 4126 818 4179 Cum
832 4125 959 4180 Abuteda
971 4129 1057 4177 tanea
1068 4117 1195 4174 warentia
1208 4117 1275 4171 Rar-

277 4199 400 4262 ebraeaa3
416 4195 471 4248 rid.
490 4210 560 4264 supr.
573 4210 599 4264 p.
614 4193 701 4249 1211.

216 4299 254 4371 ⁸⁹)
273 4299 340 4356 Utor
359 4301 460 4371 argenti
476 4297 592 4354 continet
608 4297 694 4352 deciae
713 4295 781 4353 rnille
796 4311 884 4352 auuea
903 4297 1049 4367 argenteae·
1070 4291 1104 4348 A.

215 4422 346 4493 Eaeerpta
362 4439 394 4478 aa
410 4423 500 4479 butor.
518 4418 643 4477 Araban.
804 4488 806 4495 y
1013 4397 1073 4498 '2⁵
