3038 4796
439 328 499 395 AD
520 325 807 398 NICEPHORUM
828 327 1021 400 PHOCAM.
1200 317 1274 418 36?

181 487 239 547 tini
252 453 440 568 imperatoris
453 485 514 546 lanc
527 505 677 564 veneram,
698 508 761 548 non
773 487 947 568 Episcopus,
967 487 1020 547 sed
1033 487 1197 567 Diaconum
1221 511 1276 554 nec
1295 499 1353 558 eol.
1370 500 1387 556 2

182 590 219 649 ab
234 591 425 670 Imperatore,
447 600 500 649 aut
514 591 607 668 Rege,
630 589 683 648 sed
696 610 713 646 a
726 590 902 667 Berengario
917 589 1088 650 Moschione
1099 592 1222 670 missus,
1245 604 1276 655 et

181 693 277 751 multo
299 679 388 772 plura
410 713 445 750 ac
465 691 640 772 pretiosiora
654 691 746 771 pallia
760 692 833 752 ensi:
856 712 930 770 quae
946 711 1041 771 neque
1057 702 1196 771 scrutata,
1219 716 1275 756 nec

181 815 198 853 a
213 795 333 852 Graecis
346 793 428 864 visa,
448 811 505 851 nec
521 792 643 872 plumbo
659 803 730 854 sunt
745 781 869 872 signata.
911 793 1012 872 Nunc,
1034 793 1094 852 Deo
1107 793 1275 875 miserante,

179 895 362 976 Episcopus,
384 903 414 954 et
430 915 448 952 a
462 893 625 973 Magnificis
639 895 868 977 imperatoribus
881 896 1009 972 Ottone,
1033 905 1062 955 et
1076 897 1187 956 Ottone
1194 943 1203 973 ,
1218 919 1275 977 pa-

177 1007 235 1074 tre,
258 1007 288 1057 et
301 997 363 1058 filio
379 997 500 1075 missus,
520 1006 605 1057 tanto
618 995 815 1074 inhonestior,
836 1007 872 1057 ut
885 997 1095 1058 veneticorum
1112 1019 1195 1058 more
1208 1000 1276 1080 pal·

179 1099 219 1158 lia
237 1120 300 1159 mea
314 1085 474 1176 notentnr',
497 1107 528 1159 et
547 1118 622 1179 qnae
642 1100 795 1180 quantivis
815 1099 903 1180 pretii
916 1100 1069 1176 videntur,
1092 1103 1275 1178 auferantur,

180 1223 248 1262 cum
262 1202 296 1261 in
309 1203 459 1263 Ecclesiae
475 1201 549 1262 milri
566 1201 736 1262 commissae
751 1221 823 1261 usna
840 1203 985 1264 ferantur.
1027 1203 1094 1261 Non
1107 1203 1206 1263 taedet
1217 1223 1273 1262 vos
1379 1281 1383 1290 ,

179 1303 425 1364 contumeliarum
446 1323 594 1382 mearum,
616 1304 705 1364 immo
730 1304 920 1364 dominorum
937 1303 1144 1382 meorum,'in
1166 1305 1274 1384 quibus

180 1407 376 1466 contemnor?
406 1407 573 1486 quodsum
603 1407 755 1466 custodias
779 1407 924 1482 traditus,
951 1405 1034 1486 quod
1061 1407 1137 1466 lame
1164 1405 1274 1486 sitique

60 1529 64 1542 ·
179 1507 346 1584 cruciatus,
370 1509 453 1589 quod
475 1529 538 1568 non
560 1509 598 1568 ad
616 1509 697 1590 ipsos
718 1508 847 1569 redirem
863 1508 1017 1588 hucusque
1040 1518 1192 1586 retentus,
1214 1510 1274 1569 nisi

179 1609 329 1670 etiamad
357 1611 510 1670 cumulum
535 1609 688 1672 dedecoris
715 1631 814 1672 eornm
841 1610 973 1690 propriis
1002 1611 1137 1691 expolier
1158 1610 1273 1670 rebnsl

178 1713 293 1771 auferte
309 1713 412 1773 saltem
421 1760 431 1792 ,
454 1714 624 1797 (quaesunt
638 1723 751 1796 empta,
774 1709 934 1792 dimittite)
955 1731 1030 1791 qnae
1049 1721 1120 1772 snnt
1135 1713 1214 1772 dono
1236 1713 1273 1773 ab

179 1812 281 1872 amicis
297 1814 415 1879 donata.
457 1819 687 1893 Constantinus,
709 1815 867 1896 inquiunt,
888 1814 1061 1894 Imperator,
1083 1814 1272 1892 homolenis,

179 1915 211 1973 in
225 1917 336 1997 palatio
353 1939 474 1978 manens
493 1917 654 2000 perpetuo,
674 1917 846 1978 huiusmodi
860 1917 948 1977 rebus
968 1917 1076 1976 amicas
1098 1917 1155 1976 sibi
1170 1918 1300 1976 natio-B

177 2037 230 2078 nes
242 2018 393 2080 effecerat:
413 2021 601 2103 Nicephorus
613 2041 684 2084 vero
692 2021 833 2096 Basileus,
844 2018 937 2080 homo
948 2015 1093 2103 ταχύχειρ,
1106 2019 1139 2080 itl
1153 2029 1197 2080 est
1213 2021 1284 2094 mis

176 2115 259 2181 litiae
275 2121 407 2200 deditus,
431 2125 596 2204 palatium,
618 2145 672 2185 ceu
686 2133 801 2206 pestem
819 2121 977 2198 abhorret,
999 2131 1029 2182 et
1044 2132 1171 2184 vocnur
1186 2145 1203 2182 a
1219 2143 1274 2183 no-

176 2220 223 2282 bis
244 2245 339 2306 prope
358 2225 519 2286 simultatis
534 2237 664 2305 amator,
685 2238 775 2308 atque
795 2234 1035 2305 argumentosus,
1059 2225 1110 2304 qui
1125 2247 1188 2286 non
1202 2246 1276 2308 pre-

177 2325 221 2385 tio
239 2327 296 2386 sibi
314 2337 416 2406 gentes
432 2329 555 2408 amicas,
578 2332 630 2392 sed
651 2341 765 2392 terrore
786 2337 817 2388 ct
837 2327 935 2406 gladio
957 2327 1012 2386 sibi
1031 2327 1164 2390 subditas
1191 2330 1273 2393 facit.

177 2427 276 2508 Atque
290 2437 324 2488 nt
339 2451 518 2510 cognoscas,
540 2435 647 2514 quanti
664 2432 799 2494 dominos
815 2439 884 2490 tuos
902 2431 993 2510 Reges
1006 2429 1164 2491 habeamus
1173 2477 1182 2508 ,
1199 2451 1275 2512 quae

178 2529 248 2590 data
268 2541 339 2591 sunt
362 2535 473 2594 coloris
487 2533 678 2612 huiusmodi,
699 2545 729 2597 et
750 2553 826 2616 quac
841 2542 961 2614 empta„
975 2533 1025 2593 via
1047 2534 1148 2594 eadem
1163 2534 1202 2594 ad
1218 2555 1273 2598 noe

177 2643 375 2696 revertentur.
415 2637 470 2700 His
492 2639 597 2718 dictis,
626 2649 716 2720 atque
741 2635 896 2718 completis
917 2632 1151 2718 κρυσοβούλιον,
1178 2635 1211 2697 id
1227 2646 1301 2701 estc

181 2737 337 2819 epistolam
351 2764 424 2804 auro
446 2743 588 2824 scriptam
610 2753 639 2804 et
660 2744 805 2822 signatam
818 2739 893 2800 mihi
908 2737 1070 2816 dederunt,
1090 2738 1177 2800 robis
1194 2731 1273 2801 dele·
1371 2823 1373 2828 Ι

180 2843 320 2916 rendam,
342 2847 471 2908 sednon
485 2845 571 2905 vobis
587 2847 723 2925 dignam,
744 2855 781 2905 ut
799 2863 881 2903 mens
902 2841 997 2904 credit
1012 2861 1086 2901 mea.
1128 2843 1297 2904 Tulerunt·

180 2953 279 3006 autem
300 2956 329 3006 et
343 2947 415 3008 alias
429 2929 541 3009 'literas
563 2958 684 3027 argento
706 2931 850 3027 signatas,
873 2953 961 3023 atque
982 2943 1140 3004 dixerunt:
1162 2945 1274 3025 Papam

178 3057 314 3110 vestrum
334 3050 504 3133 Itnperiales
523 3051 657 3132 recipere
677 3050 778 3110 literas
799 3047 956 3126 indignum
981 3067 1044 3106 esse
1064 3047 1272 3108 diiudicamus.

179 3147 272 3212 Mittit
295 3162 392 3214 antem
418 3154 465 3214 illi
487 3154 673 3234 Coroplates,
696 3151 887 3232 imperatoris
912 3150 1019 3226 frater,
1040 3169 1103 3210 non
1123 3171 1177 3232 per
1201 3169 1272 3210 suos

178 3273 323 3335 pauperes
339 3257 485 3332 nuncios,
507 3257 560 3316 scd
573 3276 627 3337 per
640 3263 670 3314 te
684 3254 839 3336 epistolam
854 3273 886 3313 se
906 3255 976 3312 satis
990 3251 1124 3332 dignam,
1144 3261 1195 3330 nt,
1214 3251 1276 3312 nisi

177 3356 344 3437 resipuerit,
359 3359 493 3418 funditus
507 3359 672 3438 reperiisse
686 3357 868 3438 cognoverit.
896 3355 984 3414 IIanc
1001 3375 1068 3414 cum
1084 3355 1275 3435 accepissem,

155 3511 159 3523 ,
177 3457 245 3517 vale
259 3456 334 3518 mihi
349 3460 494 3538 dicentes,
516 3459 712 3534 dimiserunt,
734 3459 836 3522 oscula
851 3457 1026 3538 praebentes
1046 3459 1117 3519 satis
1131 3459 1276 3534 iucunda,

179 3560 249 3620 satis
268 3560 414 3624 amabilia.
449 3562 512 3622 Sed
537 3562 608 3623 dnm
632 3562 818 3639 recederem,
840 3559 1018 3639 legationem
1038 3559 1113 3621 mihi
1133 3583 1196 3623 non
1219 3581 1276 3644 me,
1383 3583 1390 3598 ’

178 3661 231 3720 sed
248 3661 309 3721 illis
327 3663 398 3724 satis
416 3664 549 3743 dirigunt
564 3664 698 3744 dignam,
720 3665 837 3726 scilicet
857 3662 939 3744 quod
957 3661 1032 3723 milri
1046 3665 1121 3746 soli,
1142 3665 1305 3746 meisquel)

177 3780 269 3841 ,equos
287 3764 402 3829 darem.
445 3766 575 3828 Sarcinis
596 3769 733 3830 nulluma
755 3767 858 3847 sicque
882 3767 989 3845 nimis,
1010 3777 1047 3828 at
1069 3789 1117 3830 res
1135 3768 1278 3850 poscebat

91 3888 96 3896 ·
178 3865 325 3938 turbatus,
337 3861 494 3955 draociorp,
510 3869 543 3929 id
554 3879 599 3928 est
608 3869 730 3931 ductori
739 3891 814 3947 meo,
830 3869 1045 3950 qulnquaginta
1060 3890 1219 3934 aureorum
1230 3889 1278 3934 rea

178 3967 276 4046 pretio
296 3968 374 4030 dedi.
421 3969 546 4032 Etcum
568 3993 630 4033 non
650 3971 805 4052 haberem,
828 3972 907 4052 quod
928 3995 984 4054 pro
1007 3975 1171 4036 malefactis
1190 3975 1278 4036 Nice-

178 4065 276 4147 phoro
293 4077 367 4130 tunc
379 4072 550 4150 redderem,
573 4073 629 4135 hos
642 4074 675 4133 in
696 4077 810 4157 pariete
829 4075 945 4138 invisae
962 4077 1068 4138 domus
1090 4098 1173 4140 meae
1190 4086 1221 4138 et
1242 4075 1277 4136 in

178 4187 277 4231 mensa
293 4171 391 4252 lignea
404 4175 570 4237 versiculos
584 4177 706 4259 scripsi:
