2984 4798
306 331 381 412 ’558
505 347 546 416 N.
566 341 613 415 M.
634 339 839 418 FOGGINII
856 345 1199 417 ADNOTATIONES
1253 399 1260 407 .

353 465 357 476 ¹
383 505 440 572 76.
461 503 652 590 demotos]
673 503 801 565 Thraces
818 505 906 565 etiarn
932 503 985 566 sab
1001 503 1169 586 Nicephoro
1183 506 1216 567 in
1229 505 1288 568 isac
1300 527 1377 588 expe-

305 593 419 653 ditione
441 591 584 650 militasse
614 591 708 651 refert
731 591 929 652 Continaator
948 590 1137 672 Theophanis
1168 592 1201 652 in
1224 594 1304 653 nom.
1325 593 1377 652 ian.

303 677 483 740 num.XV1.
500 696 566 757 pag.
582 680 657 742 300.

307 795 311 804 ’
386 790 535 874 Ἑπτάκις]
558 795 604 853 Εη
621 793 674 853 ubi
685 790 870 854 Theodosius
884 793 1041 876 perspicue
1061 803 1164 855 narrat
1177 797 1329 856 Saracenos
1341 814 1379 852 re·

302 881 380 963 pties
401 881 555 938 aGraecis
577 879 672 939 suisse'
690 879 879 958 profligatos:
903 881 984 958 quod
1010 881 1146 958 superius
1167 882 1314 942 obscurius
1335 901 1380 939 ex·
1451 951 1452 972 χ

302 975 460 1048 presserat.
502 963 578 1024 Vide
596 965 664 1027 Aer.
680 965 733 1026 lii.
750 985 780 1025 v.
796 969 846 1031 80.
871 974 900 1024 et
917 985 990 1043 quae
1007 964 1050 1023 ibi
1062 965 1277 1027 adnotavimus.
1305 1013 1307 1034 ,

389 1090 441 1150 92
466 1087 533 1146 Τῶν
547 1087 645 1166 μελῶν
656 1078 712 1164 τήν
725 1078 862 1165 τετράδα]
886 1083 1037 1144 Occubuit
1048 1069 1163 1164 nempe,
1179 1085 1250 1144 dum
1264 1102 1381 1161 magnam

303 1169 497 1228 barbarorum
512 1170 624 1228 iaceret
638 1169 767 1242 caedem,
784 1171 918 1248 adquam
936 1169 1144 1246 designandam
1160 1169 1234 1228 dicit
1248 1171 1381 1228 strenuum

302 1253 385 1317 hunc
405 1255 531 1312 militem
552 1254 683 1312 membra
705 1257 917 1312 Saracenorum
936 1253 1063 1314 abscissa
1085 1255 1244 1333 proiecisse
1258 1273 1341 1332 aeque
1355 1269 1382 1308 ao

304 1339 331 1398 isi
348 1339 554 1398 essentialia·
581 1339 719 1412 Quatuor
734 1349 831 1398 autern
850 1339 1050 1398 membrorum
1061 1340 1179 1398 nornine
1195 1339 1338 1420 exprimit,
1354 1344 1382 1394 ut

303 1423 451 1500 arbitror,
482 1433 589 1504 caput,
618 1421 755 1500 brachia,
783 1433 924 1512 truncum
954 1433 984 1484 et
1005 1443 1102 1484 crura.
1156 1416 1383 1508 [Metoiusnade

301 1508 424 1568 brachia
442 1519 514 1567 sunt
535 1517 565 1568 et
584 1507 695 1589 crura]

303 1623 306 1628 ¹
390 1631 460 1693 108.
483 1621 569 1706 Θεὸν]
591 1627 720 1686 Difficile
743 1625 903 1686 admodum
922 1625 1005 1686 lectu
1024 1635 1067 1686 est
1079 1626 1138 1687 hoc
1152 1627 1278 1688 verbum
1291 1625 1321 1685 in
1335 1623 1384 1682 Co·

304 1708 388 1788 dice,
410 1733 578 1794 ancepsque
596 1712 718 1788 haereo,
741 1733 777 1770 an
791 1709 864 1770 haec
878 1732 947 1772 vera
967 1715 1006 1771 sit
1022 1713 1124 1773 lectio.
1163 1713 1316 1772 Cornelius
1331 1709 1384 1768 edi·

305 1797 350 1856 dit
375 1793 426 1874 da,
449 1801 500 1856 sed
523 1799 553 1858 id
571 1809 649 1857 certe
666 1798 811 1877 scriptum
825 1818 884 1854 non
899 1817 959 1855 esse
974 1807 1115 1877 apparet,
1137 1820 1171 1858 eo
1185 1801 1297 1878 anagia,
1318 1789 1384 1876 quod

238 1895 241 1906 '
303 1903 360 1944 neo
371 1903 475 1942 versus
489 1904 627 1944 menarua
635 1928 645 1962 ‚
669 1904 725 1942 nec
741 1902 843 1942 sensae
857 1881 921 1962 ipse
935 1883 1011 1941 iliud
1025 1885 1130 1944 ferant.

390 2007 460 2068 129·
474 1999 628 2084 Ἔῤῥαινε]
654 2003 704 2060 Sic
728 2002 766 2061 ad
784 2000 874 2060 fidem
896 2001 1013 2060 Codicis
1034 2003 1173 2064 restituet
1202 2003 1287 2090 ἕρῤαι
1310 1999 1385 2074 euim,

303 2087 407 2150 iorsau
420 2107 523 2149 errore
537 2087 734 2180 typograpiti,
758 2087 835 2147 male
849 2085 942 2146 edidit
963 2087 1125 2150 Cornelius.
1195 2129 1198 2136 .

750 2332 955 2348 m

540 2509 596 2574 IN
618 2507 873 2598 QUINTAM
893 2507 1167 2575 ACROASIM.

300 2679 306 2688 '
385 2677 469 2740 voa.
490 2685 520 2747 9.
546 2681 685 2764 Τραῦμα]
710 2682 755 2742 Ita
775 2681 896 2762 melius,
919 2703 1009 2762 quam
1031 2685 1181 2766 στραῦμα,
1202 2692 1240 2744 ut
1257 2678 1386 2744 benesi-

301 2767 418 2826 notavit
436 2767 599 2829 Cornelius.

386 2893 438 2953 20.
464 2885 659 2968 Tapoearciv]
683 2887 809 2946 Tarsum
830 2886 889 2946 iam
916 2895 1002 2945 antea
1018 2908 1080 2946 non
1100 2887 1191 2948 semel
1212 2887 1325 2948 frustra
1339 2905 1387 2964 op·

301 2981 478 3052 pugnatam,
500 2973 687 3054 Nicephorus
701 2973 828 3048 Phocus,
852 2973 1027 3054 priusquam
1041 2973 1152 3033 beilum
1172 2973 1312 3034 Cretense
1329 2991 1387 3031 sus-

301 3056 433 3135 ciperet,
457 3067 541 3117 uasto
570 3061 686 3139 impetu
708 3058 874 3134 concussit,
905 3067 935 3116 ct
955 3057 1147 3118 Caramoneaa
1170 3059 1232 3118 eius
1255 3061 1387 3127 Amorem,

301 3150 377 3200 teste
403 3143 535 3202 Cedreno
558 3143 634 3202 Hist
657 3145 759 3224 Conap.
772 3161 838 3222 pag.
856 3143 927 3209 642.
945 3144 1138 3225 compescuit.
1182 3143 1241 3202 Ubi
1259 3163 1329 3202 roro
1342 3139 1387 3200 tti-

298 3227 450 3307 ecphorae
463 3229 526 3308 ipse
541 3228 577 3286 ad
585 3229 745 3308 imperium
757 3237 875 3288 evectus
890 3239 944 3304 est,
956 3249 1035 3288 anno
1050 3231 1113 3288 eiua
1125 3229 1246 3309 imperii
1258 3225 1387 3298 secundo,

300 3331 403 3372 mense
427 3313 521 3398 lulio,
544 3314 710 3373 indictione
731 3315 873 3394 septima,
893 3333 1000 3392 magno
1019 3315 1192 3394 conscripto
1211 3313 1387 3374 exercitare

300 3418 333 3456 se
359 3399 503 3474 contulit,
526 3399 708 3479 Tarsumque
727 3421 761 3459 ac
777 3401 988 3479 Mopsuestiam
1007 3399 1039 3458 in
1054 3421 1137 3460 suam
1155 3408 1330 3478 potestatem
1345 3415 1388 3454 re-

298 3481 397 3560 degit:
419 3503 616 3564 reversusque
638 3485 927 3566 Constantinopolim
950 3505 1050 3544 mense
1071 3485 1213 3560 Octobri,
1235 3481 1387 3544 indictione

179 3639 181 3646 y
300 3587 390 3644 nona,
415 3569 499 3627 Tarsi
518 3580 619 3650 portas
641 3590 677 3629 ac
691 3570 887 3652 Mopsuestiae
908 3590 1007 3628 secana
1020 3571 1155 3648 adduxit,
1177 3590 1251 3650 quas
1264 3589 1333 3630 cum
1343 3583 1389 3625 ex·

299 3653 447 3712 trinsecus
472 3674 545 3714 auro
568 3655 772 3732 distinxisset,
795 3671 904 3714 munus
926 3655 1029 3714 attulit
1049 3657 1145 3736 regiae
1162 3653 1228 3715 urbi
1254 3653 1388 3714 dedican-

296 3737 373 3812 dum
381 3783 390 3816 ,
412 3731 485 3798 alias
502 3739 539 3799 ad
553 3761 650 3800 arcem
667 3742 873 3815 collocandas,
897 3739 968 3800 aliae
982 3741 1020 3798 ad
1032 3761 1138 3802 aureae
1151 3751 1257 3822 portae
1270 3753 1388 3798 murum·

296 3823 445 3900 ¹Consule,
478 3844 550 3902 quae
573 3826 666 3886 fusius
697 3819 800 3888 narrat
827 3825 1036 3906 praelaudatus
1064 3827 1214 3888 cedrenus
1236 3844 1304 3904 pag.
1324 3819 1388 3887 654.

298 3927 355 3966 nec
368 3929 430 3968 non
439 3909 545 3969 Leonis
561 3909 687 3972 Diaconi
700 3921 840 3993 excerpts
855 3911 935 3992 apud
950 3909 1071 3989 Pagium
1087 3913 1120 3972 in
1130 3912 1232 3973 Critic.
1246 3911 1329 3970 Tem.
1342 3903 1388 3966 IX.

295 3973 363 4078 ‘pao
383 3997 414 4059 a.
439 3998 489 4060 aa.

297 4141 303 4150 ·
383 4117 433 4178 21.
453 4105 590 4193 Ἀράβων
611 4110 718 4198 φυλή]
743 4115 853 4176 Arabas
877 4126 942 4176 tum
959 4125 1088 4192 veterae,
1114 4124 1181 4176 tum
1206 4111 1386 4182 mantissa,

295 4195 557 4345 {tpmcqqqtffturcas
571 4199 605 4260 in
621 4203 725 4282 plures
739 4203 832 4264 fuisse
843 4203 939 4264 tribus
952 4203 1112 4263 distinctos
1127 4221 1167 4262 ex
1182 4198 1331 4261 hutorida
1342 4211 1386 4254 aa·
