3038 4796
245 337 308 412 DE
326 343 484 414 EXPED.
502 343 591 416 Slll.
610 345 691 416 NIC.
712 347 839 415 PHOG.
859 349 920 418 ΕΤ
940 347 997 423 ΙΟ.
1016 350 1137 426 ΤΖΙΜ.
1183 346 1259 422 887

162 502 253 566 novis
268 503 411 565 aedificiis
425 514 515 586 atque
529 505 722 566 munimentis
741 505 897 568 instructa.
938 507 1016 570 Dein
1037 509 1175 574 redslrant
1189 513 1258 594 qui·

164 608 233 669 dam
255 607 410 689 paullatim
429 609 468 668 sd
486 607 629 690 pristinas
644 607 745 687 sedes,
765 609 818 670 alii
832 629 958 690 prorsus
974 631 1038 672 non
1058 625 1258 696 excesserant,

165 707 364 770 Christianam
384 707 475 770 fidem
494 708 631 792 professi.
677 707 732 770 tiis
753 711 852 772 rebus·
863 712 953 794 gestis
970 711 1087 776 redibat
1106 713 1257 778 Romanus

164 810 455 894 Comtsntiuopolin.

614 911 804 994 1.tp.487.
1045 993 1047 998 Ι

245 1012 334 1074 Anno
355 1013 477 1076 ccctv
492 1007 557 1097 (qui
572 1013 620 1074 (lie
636 1018 678 1080 27
700 1015 768 1074 Dec.
784 1013 820 1076 A.
834 1013 902 1076 Chr.
915 1015 978 1084 965
991 1017 1100 1099 coepit)
1114 1039 1258 1082 excurre-

161 1113 237 1176 bant
260 1114 366 1176 Graeci
387 1115 544 1196 inegram
565 1116 782 1181 Mualemicum.
830 1117 948 1178 Primus
968 1118 1098 1200 impetus
1120 1123 1258 1186 Amidam

164 1217 308 1299 perculit,
331 1226 396 1276 tum
408 1217 496 1278 missa
510 1220 589 1278 facta
604 1218 665 1279 dm
680 1215 849 1298 obsidione,
870 1220 1051 1299 Nisibinam5
1074 1221 1144 1282 inde
1161 1233 1257 1285 mana

162 1317 256 1398 gressi
270 1338 286 1378 e
298 1318 511 1400 Mesopotamia
522 1321 555 1380 in
568 1320 702 1400 Syriam,
723 1320 775 1382 diu
785 1319 948 1384 haerebant
959 1322 1039 1384 eirca
1049 1293 1238 1388 Antiochiam
1243 1348 1255 1406 5

161 1420 281 1480 tandem
301 1422 426 1481 Tarsum
442 1423 624 1505 repetebant.

70 1507 76 1517 ⁸
170 1583 174 1592 ,
246 1521 358 1582 Eodem
378 1523 523 1586 liberabat
539 1524 727 1586 Seiseddaula
745 1545 832 1584 suum
854 1525 992 1604 affinem,
1020 1524 1257 1592 Abu-Ferarum

161 1623 399 1701 Hamdanidam‚
421 1627 603 1703 avinculis,
631 1628 710 1686 saeta
732 1627 922 1708 captivorum
943 1629 1180 1710 permutatione,
1200 1652 1257 1713 per
1373 1637 1375 1642 '

163 1750 252 1810 quam
267 1731 481 1796 lluslemorum
494 1729 598 1809 ingens
609 1727 773 1787 multitudo
785 1727 952 1791 libertatem
964 1731 1163 1812 recuperarit.

621 1831 642 1891 l.
653 1829 675 1890 l.
685 1850 717 1910 p.
729 1829 803 1896 503.

244 1917 360 1980 Interea
372 1918 444 1980 dum
456 1915 685 1998 Mesopotamiae
699 1914 813 1974 domini
827 1914 910 1976 huno
921 1915 954 1976 in
969 1915 1090 1978 modum
1102 1917 1254 1981 intestinis

160 2017 246 2080 bellis
263 2020 325 2101 ipsi
340 2041 403 2082 sese
425 2021 575 2094 lacerant,
596 2017 646 2076 via
661 2017 781 2098 patebat
799 2019 940 2079 Romanis
956 2040 1012 2101 per
1026 2019 1142 2100 Syriam
1162 2041 1255 2101 usque

164 2123 203 2182 sd
216 2123 365 2204 Tripolin.
408 2122 514 2184 Arcem
530 2118 629 2182 Erech
646 2120 835 2200 expugnabat
849 2141 951 2182 eorum
964 2121 1137 2203 imperator.
1179 2120 1255 2182 Inde

162 2223 301 2304 tendebat
315 2225 481 2302 Emessam,
503 2243 591 2304 quam
609 2222 716 2283 incolis
729 2243 855 2284 vacuam
867 2205 1008 2284 facillime
1025 2232 1132 2283 nactus
1153 2221 1254 2302 (edre.

161 2326 272 2387 nientis
291 2336 405 2388 terrore
426 2326 553 2408 patriam
574 2325 796 2406 deseruerant),
826 2325 942 2386 iniectis
960 2324 1079 2405 ignibus
1102 2334 1254 2408 pervasta-

160 2427 222 2489 bat.
276 2427 321 2488 Ab
338 2449 372 2488 ca
395 2428 573 2490 excursione
592 2427 708 2488 redibat
731 2429 770 2488 ad
788 2437 917 2488 tractum
938 2427 1135 2505 maritimum,
1165 2446 1254 2506 quem

116 2591 124 2612 ,
159 2529 270 2610 rapinis
284 2539 313 2590 et
326 2531 570 2612 populationibus
584 2530 742 2607 desolabat,
766 2539 796 2590 et
814 2529 980 2590 octodecim
993 2537 1146 2608 suggestus
1162 2527 1193 2602 (e
1203 2536 1254 2586 to-

158 2631 251 2718 tidem
265 2633 342 2692 sanis
354 2635 526 2710 maioribus)
541 2633 684 2693 eiiciebat.
726 2635 886 2715 Postquam
900 2633 959 2693 duo
972 2651 1085 2692 menses
1098 2629 1253 2692 incubuis-

160 2743 206 2794 set
223 2735 342 2814 Syriae,
363 2735 461 2796 abibat
475 2736 597 2796 domum
609 2734 719 2816 praeda
736 2737 836 2816 gravis
849 2744 880 2796 et
892 2733 1018 2815 captivis
1034 2753 1157 2793 numero
1169 2729 1253 2792 baud

160 2835 250 2918 iscile
266 2837 506 2916 complectendis.
1328 2879 1330 2884 -

113 3023 117 3036 .
243 2935 330 2996 Anno
347 2939 483 3000 ccctlx
505 2940 570 3022 (qui
587 2940 634 3000 die
651 2941 691 3006 13
709 2939 784 3000 Nov.
800 2938 836 3000 A.
854 2937 923 2999 Chr.
940 2942 1002 3005 969
1022 2933 1131 3016 coepit)
1146 2951 1252 2994 rursus

157 3037 340 3110 invadebant
363 3041 488 3101 Romani
508 3039 641 3122 Syriam,
677 3049 707 3100 et
727 3039 885 3100 Antiochia
911 3037 1058 3100 violenter
1082 3045 1251 3116 expugnata

160 3141 356 3222 caedibusque
371 3151 400 3203 et
415 3144 526 3224 rapinis
540 3151 726 3224 pervastata,
746 3142 892 3202 Halcbum
906 3139 1062 3222 petebant,
1084 3157 1171 3217 quam
1190 3138 1251 3197 Co-

158 3243 254 3305 rubelr
267 3251 296 3320 t)
311 3254 382 3308 tunc
394 3247 520 3323 tenebat,
543 3229 746 3306 Seiseddauta's
758 3243 949 3326 mancipium,
970 3239 1035 3301 beri
1047 3237 1121 3315 filio,
1142 3237 1250 3297 Abu’l-

157 3345 266 3407 Maelio
291 3346 426 3409 Scbariso
447 3358 608 3424 extortam,
630 3356 664 3407 ut
683 3346 772 3408 rnodo
792 3345 933 3406 diximus.
975 3341 1034 3402 Hic
1051 3341 1083 3399 in
1100 3361 1196 3400 arcem
1217 3361 1250 3401 se

157 3456 327 3527 receperat,
349 3451 424 3510 urbe
445 3447 526 3509 hosti
547 3451 696 3530 permissa.
740 3447 902 3508 Obsidione
915 3445 954 3504 ad
969 3443 1112 3524 temporis
1126 3441 1249 3522 aliquod

156 3549 300 3628 tolerata,
320 3561 425 3630 pactus
446 3551 582 3612 Corubelr
603 3561 717 3612 certum
737 3571 871 3611 annuum
889 3549 1036 3610 tributum
1055 3567 1112 3628 pro
1134 3543 1247 3606 Halebo

156 3660 187 3710 et
204 3672 274 3731 agro
296 3651 391 3731 circa,
412 3655 562 3714 Romanos
582 3655 749 3728 avertebat,
771 3651 877 3714 sumtis
894 3671 992 3711 secum
1007 3648 1158 3709 obsidibus
1175 3649 1247 3708 abe-

154 3762 254 3816 untes.
285 3755 329 3814 Ita
344 3756 430 3816 locus
443 3756 539 3815 lactus
552 3756 702 3816 Muslemis
717 3756 755 3816 ad
768 3755 911 3838 pristinas
922 3753 1006 3814 sedes
1019 3749 1248 3813 revertentibus.

154 3854 231 3916 Iuris
245 3855 416 3918 Halebensis
428 3867 526 3918 sutem
537 3867 600 3917 tum
615 3869 699 3920 erant
710 3858 766 3919 bae
778 3867 943 3940 praeturae,
960 3855 1095 3932 Hamata,
1117 3857 1248 3934 Emessa,

155 3958 266 4017 (lasar-
276 3957 337 4018 Tab
345 4005 354 4037 ,
377 3960 508 4036 Mass-rs,
530 3959 673 4040 Apamea,
693 3959 833 4020 Sebaiear
847 3968 877 4019 et
889 3957 937 4019 bis
951 3958 1106 4019 interiecta
1118 3959 1195 4022 loca.

163 4094 168 4102 ’
187 4089 260 4158 ⁸)'In
275 4090 402 4162 excerptis
424 4109 457 4145 er
475 4089 583 4144 historia
603 4091 696 4146 Halebi
711 4091 780 4146 infra
792 4069 944 4146 exbibendls
956 4090 1078 4151 scribitur
1096 4091 1145 4143 boo
1157 4106 1247 4146 nomen

221 4159 384 4230 Crrghujatr3
401 4161 484 4231 quod,
502 4161 551 4213 nisi
571 4159 661 4226 fallor,
678 4169 749 4215 recte
771 4180 799 4215 se
819 4163 911 4226 babet3
924 4161 1034 4215 ⁰omissis
1058 4160 1125 4213 enim
1143 4159 1246 4230 punctis

219 4229 375 4295 discriticis,
399 4230 491 4300 quibus
511 4230 703 4300 distinguuntur
719 4231 822 4284 litterae
839 4231 928 4284 Gbaiu
950 4237 978 4284 et
989 4230 1034 4284 Ys
1050 4231 1083 4284 ab
1097 4229 1148 4284 Ain
1160 4237 1187 4282 et
1198 4229 1245 4291 Be.

217 4298 293 4352 facile
305 4301 432 4370 corrumpi
445 4299 530 4372 potuit
543 4315 632 4354 nomeu
645 4300 709 4354 illud
721 4301 748 4354 iu
762 4301 893 4357 Corubeb.
916 4297 949 4354 la.
