2994 4796
319 333 395 411 480
640 343 676 420 C.
696 343 733 416 B.
754 341 870 412 HASlI
891 344 1045 414 NOTAE

317 525 421 584 gressu
441 503 600 587 quaerenti.
622 504 706 568 erud.
725 511 800 584 gret.
823 505 895 570 837.
919 503 955 564 G.
979 503 1023 565 lle
1041 521 1136 567 somn.
1153 503 1225 574 444.
1246 506 1280 572 Β.
1292 505 1393 570 lteris

317 591 393 654 Mos·
408 591 478 658 498.
495 593 529 650 l).
549 592 621 658 494.
635 591 668 654 F.
684 591 815 670 alibique
828 608 925 670 saepe.

387 673 482 738 ¹[bid.
504 677 560 737 iio·
585 681 633 742 16.
657 675 700 750 ele
715 669 866 755 ἐξήκοντα.
876 667 1023 755 χιλιάδας]
1045 675 1203 756 Perpetem
1215 676 1285 756 Pagi
1298 675 1344 738 Ν.
1354 679 1393 744 28

319 761 351 820 C.
364 772 394 820 et
413 782 452 822 ex
472 762 527 821 illo
551 761 743 822 Schloezerus
760 759 876 820 Nestor.
900 759 935 824 V.
954 764 1025 826 160.
1041 761 1077 820 C.
1088 759 1133 820 ad
1145 761 1394 842 septuagintadie-¹

316 848 436 927 npinum
459 848 571 908 millia.
991 888 994 894 ·
1105 911 1109 920 ¹

402 930 479 992 ibid.
502 933 556 994 lin.
581 935 629 998 18.
650 927 729 1004 risile
743 924 905 1015 παραβόλῳ
924 923 1020 1016 τόλμῃ
1036 925 1324 1013 παρααροτούμενοι]
1340 929 1394 990 Hoc

316 1025 542 1078 antecursorum
556 1018 702 1097 praelium
717 1015 787 1076 vide
803 1038 841 1074 an
857 1015 1007 1075 diversum
1022 1017 1062 1074 sit
1075 1017 1110 1074 ab
1125 1017 1190 1096 illo,
1204 1018 1309 1098 inquo
1324 1015 1393 1075 Cedr.

317 1101 353 1162 ll.
375 1108 446 1168 674.
464 1103 496 1162 l).
510 1105 658 1162 Romanos
673 1100 828 1180 magnifice
842 1099 948 1160 vicisse
962 1101 1075 1160 scribit.
1111 1141 1113 1144 -

196 1195 229 1251 P.
246 1194 298 1254 242
399 1191 480 1266 Pag.
504 1189 575 1254 140.
593 1188 648 1246 lin.
673 1187 702 1250 4.
725 1189 958 1260 κατασααθίζειν
971 1181 1096 1260 τούτους
1113 1183 1318 1268 προσέταττεν]
1337 1183 1394 1244 Ver·

315 1273 386 1332 bum
410 1273 622 1346 secesseritis
643 1291 733 1349 supra
755 1291 872 1350 quoque
901 1271 1023 1330 obvium
1044 1273 1094 1336 54.
1115 1272 1149 1332 Β.
1171 1271 1221 1337 84.
1249 1273 1279 1332 C.
1292 1291 1348 1330 non
1359 1275 1394 1328 est

315 1357 347 1416 in
361 1355 488 1418 Lexicis.
520 1357 617 1417 Huius
632 1356 817 1438 primitivum
836 1359 981 1432 σπαθίζω,
994 1355 1106 1434 gladio
1119 1355 1220 1432 caedo,
1246 1357 1282 1415 de
1296 1376 1348 1434 quo
1359 1374 1394 1414 re·

318 1451 366 1500 cte
387 1441 505 1500 dubitat
525 1442 738 1517 Schneiderus,
754 1463 792 1500 eu
807 1442 840 1500 iu
853 1441 1053 1521 scriptoribus
1069 1441 1204 1522 probatis
1215 1438 1394 1516 occurretis

319 1527 503 1587 Glossarium
526 1527 694 1606 llucengius
715 1527 820 1586 retulit
837 1527 874 1590 ll.
898 1527 987 1592 1415.
1014 1527 1045 1585 Β.
1065 1547 1102 1585 ex
1115 1526 1251 1586 Gilberto
1267 1523 1393 1585 Geulmiu.

318 1611 390 1679 485.
404 1613 438 1672 Β.
454 1613 492 1670 ad
505 1613 652 1673 Theodor.
669 1611 773 1672 Prode.
791 1611 830 1669 lle
847 1613 998 1672 amoribus
1011 1610 1182 1670 lllrodauth.
1202 1613 1255 1677 45.
1274 1607 1394 1686 C.(coa1.

318 1718 438 1780 quoque
455 1703 525 1764 106.
543 1699 574 1757 C.
592 1708 621 1758 et
636 1701 706 1764 221.
724 1694 773 1774 Α.)
791 1697 842 1756 sed
859 1697 924 1756 sine
934 1695 1092 1775 exemplis,
1112 1717 1186 1775 quae
1198 1693 1395 1773 hic¹utcuaqua

317 1783 470 1862 supplebo.
512 1783 647 1842 Achmet.
671 1781 808 1840 Onirocr.
825 1783 875 1846 81.
889 1783 920 1840 C.
936 1781 1111 1860 ἒσπαθίσθη
1129 1781 1322 1862 ἒμπροσθίως
1334 1769 1395 1860 παρ’

318 1861 499 1950 α’γνωρίμου.
521 1873 572 1935 82.
587 1871 621 1927 A.
636 1867 811 1945 ἐσπαθίσθη
826 1863 899 1946 πρὸς
913 1862 1058 1941 θάνατον,
1071 1865 1181 1946 gladio
1188 1868 1264 1943 suit
1280 1865 1322 1926 ad
1332 1881 1395 1922 ewr-

317 1963 376 2010 tem
391 1954 576 2012 vulneratus.
600 1953 676 2012 ltlsle
692 1961 836 2032 ceperunt
850 1951 1026 2030 interpretes
1034 1951 1179 2030 llleuolog.
1193 1951 1299 2014 Graec.
1314 1965 1395 2010 mensa

316 2037 395 2096 Nluio
408 2039 430 2098 l.
448 2037 518 2104 745.
533 2037 564 2100 F.
581 2039 652 2104 746.
666 2035 701 2096 A.
715 2045 881 2114 vertentes,
903 2039 1002 2117 virgis
1010 2037 1190 2116 pulmarum
1204 2036 1320 2106 caede„
1344 2033 1395 2095 Ve-

318 2124 423 2182 cebula
441 2123 573 2182 derivata
593 2127 721 2202 itemque
737 2144 754 2180 a
772 2121 922 2200 Ducangio
941 2123 1147 2202 praetermissa
1170 2132 1256 2181 suut:
1280 2116 1321 2204 1.)
1334 2137 1396 2182 στα·

316 2205 437 2288 treptie,
453 2211 564 2268 iterata
579 2230 648 2266 cum
659 2205 769 2288 gladio
775 2211 943 2287 percussio,
957 2209 1037 2286 quod
1046 2205 1248 2267 Schneiderus
1263 2201 1394 2270 itemttt

240 2322 243 2336 =
318 2293 348 2352 C.
363 2294 469 2352 dubiae
486 2294 672 2354 auctoritatis
689 2314 750 2352 esse
766 2301 872 2352 censet.
915 2291 1050 2354 Achruet.
1068 2289 1204 2352 Ouiroer.
1223 2295 1274 2360 82.
1292 2293 1323 2352 Δ.
1334 2281 1395 2352 sari

86 2396 90 2404 ’
203 2400 207 2414 ¹
284 2375 479 2458 Βτόπλῆθος
493 2383 550 2442 τοῦ
565 2381 740 2456 σταθισμοῦ
755 2371 974 2459 ἅγαθοττοιήσει
990 2371 1083 2440 αὐτόν
1096 2371 1242 2460 μεγάλας.
1276 2375 1318 2458 2.)
1331 2394 1395 2438 στα·

313 2459 370 2525 sisci
379 2508 387 2538 ,
411 2467 492 2522 ictus
503 2461 616 2542 gladii.
661 2461 856 2542 Theophanes
874 2461 1037 2541 Chronogr.
1053 2467 1124 2529 266.
1137 2463 1170 2524 Β.
1192 2461 1305 2536 πολλαὶς
1318 2453 1395 2524 ilici

313 2547 450 2622 σπαθέας
474 2549 506 2628 [l.
519 2543 665 2626 σπαθιαῖς]
689 2547 722 2610 ἐν
744 2551 782 2634 τῇ
798 2543 868 2626 ὄψει
886 2544 979 2612 αὐτοῦ
997 2548 1111 2628 ἔλαβεν.
1154 2549 1236 2608 Goar
1250 2557 1342 2622 recte,
1356 2546 1394 2602 is-

304 2635 408 2714 flictis
422 2637 512 2691 etium
530 2631 574 2691 ad
587 2644 678 2711 caput
693 2633 895 2691 crebrioribus
910 2637 1028 2692 ensium
1038 2635 1165 2714 plagis:
1187 2647 1394 2714 perperamque,

313 2721 438 2798 opinor,
471 2719 637 2797 Ducangius
668 2727 766 2776 totum
790 2717 871 2779 hune
893 2719 995 2779 locum
1021 2721 1059 2778 ecl
1080 2739 1185 2778 vocem
1204 2717 1330 2781 Σααθὲα
1346 2713 1394 2778 cel.

313 2805 405 2869 1416.
420 2803 568 2881 referens,
589 2803 727 2862 Heraclio
744 2804 819 2883 Imp.
836 2805 869 2864 in
890 2807 990 2884 medio,
1003 2805 1116 2884 praelio
1132 2827 1148 2864 s
1164 2805 1259 2864 Persis
1276 2803 1338 2862 vult
1350 2800 1394 2856 ba·

313 2891 391 2947 ciliis
405 2890 481 2948 ictus
497 2910 558 2948 esse
568 2890 709 2949 inllictos.
746 2889 848 2968 Neque
863 2891 967 2950 melius
982 2891 1014 2950 in
1028 2891 1103 2949 locis
1119 2889 1257 2950 Achmet.
1276 2885 1394 2948 Ouirocr.

1335 3055 1395 3118 ln·

312 2978 363 3040 82.
387 2978 420 3037 Δ.
444 2975 532 3055 ἔλαβε
546 2969 653 3060 Βοῦλῳ
673 2976 825 3037 onetatas
847 2975 879 3054 [Ι.
895 2968 1055 3054 cnaeus}
1069 2977 1104 3036 Β.
1128 2971 1213 3056 Γυνὴ
1231 2969 1285 3037 iaia
1300 2974 1345 3138 i'tlp
1358 2963 1395 3031 in

312 3059 399 3141 ἔλαβε
413 3065 548 3122 anseius
564 3059 595 3138 [l.
609 3053 779 3140 σπαθιᾶν]·
803 3070 832 3118 et
847 3064 918 3127 233.
932 3061 967 3124 Α.
985 3060 1074 3123 ἔδωκέ
1088 3085 1155 3122 τινα
1167 3059 1307 3122 suetiae

311 3167 344 3206 su
367 3143 515 3224 σπαθιάν]
540 3145 747 3224 vapulationes
762 3145 1026 3225 fastigationesque
1040 3147 1108 3205 vult
1127 3146 1273 3224 intelligis
1293 3155 1394 3202 seusam

302 3239 426 3303 rerum,
448 3234 527 3289 ictus
540 3231 663 3310 gladii,
686 3239 716 3288 et
733 3231 880 3307 Rigaltius
893 3231 996 3290 iamin
1008 3231 1145 3292 versione
1160 3235 1353 3311 expresserat,
1371 3227 1395 3280 et

309 3314 343 3374 in
356 3317 462 3376 ultime
480 3317 548 3375 loco
567 3317 696 3396 probent
711 3335 786 3394 quae
798 3318 1029 3394 subsequuntur,
1052 3317 1094 3378 Ei
1110 3315 1142 3380 tt
1157 3317 1206 3401 ἴδῃ
1223 3311 1271 3377 ὅτι
1283 3306 1335 3378 oie
1346 3308 1395 3371 ἶῦῠ

256 3420 260 3443 ’
286 3398 403 3481 Crepsi.
448 3402 581 3480 lienique
607 3399 776 3480 σπαθισττίρ
804 3403 974 3482 appellatur
992 3403 1140 3483 Epiphen.
1167 3403 1209 3460 lle
1230 3398 1395 3488 mensure}

296 3489 406 3565 pond.
425 3486 459 3548 ll.
485 3493 555 3554 172.
580 3487 612 3548 C.
635 3487 867 3546 instrumentum
889 3489 1035 3562 ferreum,
1058 3508 1117 3566 quo
1140 3485 1297 3548 utebantur
1310 3479 1394 3540 ludefl

310 3572 476 3630 desertores
498 3572 531 3630 in
551 3572 737 3652 reparatione
759 3573 847 3632 recisi
866 3573 1032 3652 praeputii,
1054 3573 1141 3659 τέχνῃ
1155 3571 1215 3634 rivi
1232 3553 1394 3653 tmpuptil

308 3659 365 3718 rosi
384 3655 570 3735 καλουμένου
592 3661 800 3739 σπαθτστῆρος
818 3653 875 3738 τήν
896 3663 956 3720 τῶν
980 3663 1077 3739 μελῶν
1096 3647 1393 3740 α’ποδερματίδαῦπῦζ

237 3751 242 3766 ’
309 3740 548 3817 sustinuisses,
570 3741 714 3821 ραφέντες
725 3765 771 3820 τε,
792 3743 845 3805 καὶ
858 3749 1043 3823 καλλητικοῖς
1055 3739 1307 3825 περιοδευθέντες.
1346 3730 1394 3790 [11³¹

298 3827 440 3906 primum
454 3847 569 3902 moneo,
592 3837 724 3888 extrema
738 3829 829 3888 verba
845 3851 861 3887 a
877 3830 994 3888 Petaviu
1009 3829 1107 3890 minus
1122 3831 1196 3888 bees
1210 3825 1322 3887 reddita
1332 3817 1393 3900 gbl·

308 3915 373 3970 tino
392 3918 506 3971 sucum
518 3911 728 3993 adstringunt,
744 3914 822 3978 verti
835 3915 978 3991 debuisse,
989 3916 1114 3994 glutino
1131 3923 1247 3974 curant.
1283 3908 1316 3968 ld
1327 3901 1392 3964 enlm

309 3998 410 4060 velere
431 3992 619 4076 nepioissiesv
638 4001 718 4080 apud
731 3999 849 4079 scripit.
864 4001 977 4060 saeculi
991 4001 1042 4064 lll.
1059 4011 1088 4060 et
1103 4000 1262 4079 deinceps,
1283 3993 1392 4054 demon·

307 4084 402 4142 strevi
419 4084 456 4142 ad
472 4084 669 4144 Timarionem
685 4085 792 4146 Notitt.
808 4085 876 4146 illes.
889 4087 965 4146 Bibl.
979 4089 1048 4165 lieg.
1064 4087 1120 4149 [Χ.
1133 4089 1206 4152 217.
1226 4083 1261 4143 Α.
1298 4068 1391 4136 Deinde

308 4173 516 4250 σπαθιστῆρος
536 4170 573 4228 ab
594 4171 823 4250 interpretibus,
845 4193 972 4250 quorum
986 4174 1068 4232 locos
1089 4170 1210 4248 collegit
1225 4165 1390 4250 Schleusnffg

307 4255 380 4316 Lex.
397 4255 433 4314 N.
447 4257 525 4314 Teat.
539 4256 561 4318 l.
576 4261 647 4322 876.
662 4259 693 4316 C.
703 4257 790 4315 video
803 4267 949 4316 mutatum
965 4279 1026 4318 esse
1039 4259 1074 4318 in
1087 4259 1306 4337 σπασθητῆρος,
1321 4253 1390 4328 1⁰¹³

307 4359 325 4398 a
347 4334 437 4404 assio>
456 4341 654 4404 derivaretur.
697 4341 817 4404 Ateium
834 4343 1068 4406 instrumentum
1090 4343 1187 4422 illud,
1207 4359 1269 4402 nou
1281 4337 1389 4416 adpo·
