2994 4796
388 425 435 496 n
454 423 612 494 ononis
632 399 815 494 ortcom
835 383 912 494 nte.
933 421 974 492 x.
1147 417 1224 492 τοο

122 587 203 649 ricae
217 586 251 644 in
266 583 413 661 tenebris,
434 581 529 642 utita
543 581 658 659 dicam,
679 582 795 642 iacente
816 581 854 640 ab
877 601 904 648 a.
921 581 999 656 950,
1033 581 1113 644 eires
1132 605 1223 665 quem
1255 585 1258 593 “

124 671 338 731 Constantinus
345 667 628 750 Porphyrogennets
643 668 772 748 scripsit,
780 685 875 746 usque
889 667 928 726 sd
941 667 1072 727 colonias
1082 671 1224 731 Genuen-

123 759 200 818 sium
216 757 248 815 in
264 755 319 816 hoe
331 765 446 814 tractus
461 774 538 816 saec.
551 752 785 814 xeradeduotae.
827 754 986 832 Speremus
1003 761 1092 828 uerte,
1114 773 1226 816 exous-

124 843 163 902 sis
180 861 235 921 per
251 841 323 900 alias
340 837 535 898 bibliothecas
549 838 645 898 Codd.
662 838 784 898 Graecis
800 837 891 897 medii
907 837 982 914 aevi,
1001 831 1101 896 luce'm
1113 857 1224 900 novam

25 977 29 982 .
123 925 195 987 huic
211 945 331 1006 quoque
345 922 488 983 historiae
500 923 580 1003 parti
592 923 726 982 oblatum
739 923 791 982 iri:
812 922 904 1002 idque
916 931 951 982 ut
962 922 1147 982 confidamus
1159 925 1224 984 fors

60 1025 62 1032 “
125 1012 241 1072 faciunt
257 1011 303 1070 lll.
325 1008 448 1068 Comitis
465 1009 590 1068 Νἰοοὶαἰ
603 1005 1083 1088 deRomansoffmagnificentia,
1111 1007 1224 1068 libers·

123 1097 221 1176 lisque
238 1115 274 1154 so
288 1114 447 1173 generosus
465 1093 598 1168 animus,
621 1113 682 1172 quo
698 1093 839 1152 incitatus
860 1113 929 1152 oum
943 1093 1072 1172 reliquae
1088 1091 1225 1172 discipli-

123 1201 178 1240 nas
191 1189 293 1240 omnes
305 1181 403 1257 fovet,
424 1188 490 1238 tum
504 1179 633 1238 maxime
645 1177 802 1240 historiam
819 1178 934 1258 patriae
946 1177 1226 1260 loeuplotorioupit

12 1321 14 1332 ,
125 1265 279 1326 et'ornon'.

207 1352 289 1427 Pag.
312 1349 382 1414 175.
406 1347 461 1420 len.
484 1351 533 1414 16.
554 1345 607 1410 καὶ
625 1339 791 1428 sinderedo
806 1347 879 1428 μίαν
892 1341 1253 1427 ἔτιτολήν].ῙοτροιιατὈ

126 1427 238 1512 αὐτήν·
263 1453 331 1492 narn
352 1453 390 1492 ex
408 1432 681 1512 praepositionibus
699 1433 784 1492 nulla
809 1434 871 1492 fere
886 1438 947 1491 tani
966 1433 1042 1492 male
1061 1453 1078 1490 a
1094 1435 1225 1494 librariis

126 1528 174 1578 est
191 1517 292 1577 habita
315 1537 403 1596 quam
425 1513 519 1588 nord,
541 1520 690 1598 modoque
711 1518 750 1576 ob
762 1517 829 1595 eigli
850 1516 916 1576 eive
926 1518 1168 1598 monocondylii,
1190 1528 1227 1578 ut

125 1613 236 1664 vocant
259 1602 383 1678 Graeci,
420 1602 645 1662 similitudinem
676 1621 746 1661 oum
772 1601 897 1662 vocibus
923 1601 992 1678 stoi,
1012 1599 1108 1678 κακοὶ,
1132 1598 1225 1682 sidtu,

126 1685 199 1770 persi
223 1689 364 1763 confusa,
385 1687 475 1746 modo
498 1707 568 1748 oum
591 1687 738 1748 vocabulo
755 1687 891 1766 proxime
910 1688 1043 1766 sequenti
1064 1707 1225 1765 coagmen·

19 1835 22 1843 ,
125 1784 202 1847 teta,
226 1793 313 1852 secus
332 1782 422 1851 atque
435 1781 596 1851 oporteret.
632 1771 721 1830 Velut
736 1771 873 1847 (afferam,
885 1771 982 1851 primo
997 1777 1133 1854 exempta
1149 1793 1226 1832 oon-

126 1861 208 1918 fusae
227 1858 280 1919 καὶ
293 1851 433 1932 etrusci)
453 1856 539 1916 Actis
554 1857 644 1918 Cone.
660 1856 740 1920 Flor.
756 1857 808 1916 lx.
828 1859 898 1922 132.
912 1857 945 1916 B.
959 1850 1075 1935 ὀφείλει
1087 1863 1227 1922 νοεῖσθαι
1276 1883 1280 1890 ·

125 1941 178 2006 osui
200 1938 251 2004 τὸν
271 1947 346 2006 νοῦν
367 1942 498 2018 ἐκεῖνον,
521 1951 603 2002 certo
623 1942 750 2016 certius,
772 1941 831 2020 ¹legi
851 1941 960 2001 debere
985 1937 1061 2004 nord
1078 1937 1129 2005 riv
1148 1947 1228 2004 votis

125 2027 251 2092 ἐκεῖνον.
282 2027 356 2086 Item
371 2027 576 2106 Suppiement.
591 2026 800 2086 commentarii
816 2028 846 2086 S.
860 2025 1016 2086 Athanasii
1029 2027 1063 2085 in
1078 2027 1227 2101 Psalmo,

12 2155 13 2186 ,
126 2133 144 2171 a
161 2111 393 2170 hiontefalconio
407 2111 496 2170 editis
504 2156 513 2188 ‚
534 2112 570 2171 11.
588 2115 639 2177 80.
655 2112 686 2169 C.
703 2106 746 2190 μή
759 2107 836 2172 sord
848 2106 943 2192 νόμον
955 2114 1075 2196 ζῶντας,
1089 2107 1162 2174 stud
1175 2113 1229 2174 eoi

12 2241 13 2272 ,
126 2193 317 2275 disrationari
334 2193 524 2278 βαρβαρικήν
539 2190 685 2276 ὠμότητα,
705 2197 777 2272 lege,
793 2189 868 2258 ittet
883 2192 972 2258 sterni·¹
992 2197 1086 2257 Porro
1101 2198 1133 2255 in
1142 2198 1228 2256 Actis
1244 2243 1247 2250 .

127 2283 159 2344 S·
179 2281 327 2340 Bonifatii
340 2284 412 2348 284.
428 2281 462 2342 Β.
478 2276 554 2362 αὕτη
571 2277 604 2344 di
616 2281 716 2362 τρίτον
728 2275 868 2344 Koivdeda
880 2280 1005 2363 ἔπραξεν
1020 2281 1053 2345 ἐν
1070 2285 1109 2360 τῆ
1121 2276 1228 2360 Ῥώμη,

125 2365 180 2431 καὶ
193 2359 390 2445 ἐταρχότητα·
414 2367 549 2443 emenda,
571 2360 642 2429 κατ’
653 2360 857 2448 ἐταρχότητα,
872 2375 903 2424 et
917 2377 1009 2436 verte,
1025 2377 1069 2425 ter
1083 2345 1231 2426 hanonia

12 2479 14 2482 ·
126 2462 231 2533 egerat
250 2453 368 2510 Itomae
386 2473 421 2510 en
435 2463 601 2530 praetura,
622 2469 685 2510 nou
704 2471 738 2509 ex
748 2453 960 2530 praefectura,
981 2460 1017 2512 ut
1035 2449 1127 2510 habet
1140 2461 1230 2511 vetus

105 2538 226 2598 'versio
242 2537 355 2598 Latina.
378 2537 525 2596 Filiorum
540 2538 636 2614 enim,
657 2536 710 2615 qui
725 2537 879 2596 Praetores
894 2545 994 2609 erant,
1014 2537 1135 2596 nomine
1149 2557 1231 2615 opu·

126 2623 192 2682 iens
209 2621 261 2680 illa
280 2621 397 2698 Aglaie,
420 2623 457 2681 de
480 2643 540 2701 qua
561 2621 621 2699 ibi,
648 2621 737 2706 ludos
758 2621 909 2698 ediderat,
937 2623 988 2701 qui
1007 2621 1230 2706 apraetoribue

12 2733 13 2754 2
126 2707 178 2766 vel
201 2706 407 2784 quaestoribus
429 2707 616 2784 candidatis,
639 2717 741 2766 sumtu
758 2707 895 2787 ipsorum
918 2706 994 2787 acti,
1022 2706 1094 2767 inde
1115 2708 1258 2775 Condi-[t

129 2789 174 2852 ds
188 2788 381 2848 vocabantur.
424 2791 515 2850 Moris
539 2801 637 2864 autem
654 2791 754 2867 tuisse,
770 2803 805 2850 ut
817 2802 926 2852 matres
940 2792 1012 2852 filiis
1025 2801 1140 2852 sumtus
1154 2811 1230 2873 eup-

36 2915 40 2922 .
128 2871 301 2952 peditarent
338 2873 376 2930 ad
402 2872 549 2934 eiusmodi
569 2895 737 2936 munerum
768 2876 947 2952 editionem,
980 2876 1072 2936 Henr.
1095 2877 1230 2938 Valesius

129 2955 347 3032 demonstrarit
360 2957 563 3035 Proiegomen.
582 2959 622 3018 ed
642 2958 759 3018 Possiui
779 2961 847 3018 stit
870 2959 1020 3020 Passionis
1044 2964 1095 3019 SS.
1117 2963 1231 3043 Perpe-
1319 2985 1321 2989 ’
1395 2987 1399 2998 ’

129 3053 200 3104 tuae
220 3050 250 3100 et
275 3041 440 3100 Felicitatis
463 3047 514 3108 10.
532 3041 568 3107 Α.
625 3043 736 3102 Corrtra
765 3043 847 3124 apud
869 3045 998 3104 Manuel.
1029 3046 1163 3105 calecam
1186 3049 1230 3108 De

129 3125 256 3189 essentia
276 3136 307 3184 et
331 3125 505 3206 operatione
526 3127 564 3187 Π.
588 3132 640 3194 21.
663 3128 697 3190 Ι).
725 3123 797 3200 sodo
817 3122 896 3210 παρ’
921 3123 1024 3203 αὐτοῖς
1044 3131 1230 3213 κεκαθαρμέ-

12 3257 13 3262 .
129 3237 203 3286 νονρ
231 3206 306 3275 κατὰ
333 3217 394 3274 τοῖν
418 3205 564 3276 τοιούτοιν
589 3213 747 3295 ἐνεργειῶν
768 3207 987 3295 α’τιοτελέσματα
1010 3208 1166 3289 οἷκτίστονς
1179 3217 1231 3278 οιαὶ
1350 3243 1353 3250 ·

131 3293 256 3361 ἔκτιστο
275 3291 506 3360 dnontstoess·
536 3297 661 3358 dubium
684 3318 746 3356 non
763 3307 810 3358 eet
830 3301 905 3378 quin
923 3300 1082 3376 legendum
1104 3299 1158 3374 eit,
1180 3301 1234 3364 soi

12 3409 13 3422 ¹
126 3379 168 3445 ’τὰ
191 3379 437 3446 τῶντοιούτων·
470 3391 500 3442 et
522 3383 555 3443 in
578 3381 798 3460 Prolegomenie
819 3383 1026 3464 Hexeplorum
1049 3383 1184 3462 Origenis
1205 3385 1229 3447 Ι.

135 3473 208 3534 101.
226 3469 258 3526 C·
273 3465 382 3547 puduit
394 3465 451 3549 τὴν
463 3463 564 3533 αὐτῶν
576 3463 742 3544 διάλεκτον,
763 3465 839 3530 nord
853 3475 981 3573 crespeio
992 3467 1153 3550 ἑρμηνείαν
1165 3469 1234 3532 toan

12 3587 13 3590 ¹
130 3557 176 3636 τρῖ
189 3547 396 3633 ἡρμήνευσεν,
419 3555 483 3633 lege
497 3565 527 3614 et
540 3554 699 3632 distingue,
721 3547 778 3633 τὴν
791 3546 857 3616 αὐτ.
871 3557 1026 3619 deutereses
1039 3555 1092 3636 sui
1103 3551 1140 3616 nt
1154 3573 1233 3618 στοι·

12 3671 13 3676 *
130 3644 216 3718 χεῖα,
238 3636 398 3718 ἑρμηνείαν
414 3663 444 3701 ιι.
459 3663 485 3701 τ.
506 3645 531 3701 λ.
553 3649 586 3700 ut
607 3639 647 3698 sit
667 3658 787 3714 semus,
808 3659 870 3700 non
894 3651 930 3700 ut
949 3640 1088 3699 redditur
1108 3640 1141 3698 in
1158 3639 1232 3702 edit.

130 3721 311 3784 Montesaio.:
327 3744 428 3782 eorum
436 3723 660 3803 [Hebraeorum]
676 3725 818 3803 linguam
832 3723 971 3802 edoctas,
993 3722 1160 3784 seeundum
1175 3726 1232 3784 ete-

12 3855 13 3866 .
132 3817 249 3882 menta,
272 3805 367 3878 idest
385 3809 430 3866 ad
445 3813 594 3887 litteram,
617 3812 892 3889 interpretationem
908 3808 1022 3886 edidit,
1046 3809 1099 3870 aed
1117 3811 1232 3890 potius,

12 3939 14 3954 .
132 3912 236 3948 eorum
256 3892 397 3971 linguam
413 3904 440 3952 et
459 3896 579 3953 litteras
600 3893 742 3972 edoctus,
764 3897 1036 3974 interpretationem
1052 3894 1113 3953 sihi
1125 3895 1232 3977 esteoit,
1344 3909 1346 3923 ¹

133 3983 164 4034 et
186 3995 262 4054 quae
284 3988 466 4055 sequuntur:
491 3989 534 4039 est
554 3980 635 4050 enim
653 3978 768 4059 phrasis
790 3991 888 4040 ouante
909 4001 926 4042 e
950 3983 980 4044 S.
996 3978 1164 4062 Epiphanio
1189 3982 1232 4040 De
1335 4021 1339 4028 -

12 4113 13 4116 ,
132 4079 207 4122 axx.
229 4060 400 4142 interprett.
419 4063 441 4124 l.
464 4067 513 4130 89.
532 4065 565 4124 Ι).
608 4065 696 4124 Unde
718 4065 855 4126 similiter
877 4065 1234 4145 conigendnm'Chroni·

134 4165 190 4205 eon
210 4145 349 4207 Paschale
362 4150 433 4215 255.
446 4149 479 4211 B.
497 4148 545 4208 hie
559 4150 633 4229 ipsis
647 4149 757 4220 verbis,
771 4147 828 4230 τήν
846 4145 949 4215 αὐτῶν
963 4147 1134 4226 διάλεκτον,
1156 4147 1233 4214 κατὰ

12 4307 13 4318 ρ
133 4237 278 4310 attextis?
300 4233 382 4311 lege,
401 4233 453 4296 nai
464 4231 501 4298 roi
515 4253 557 4298 ατ.
580 4235 667 4316 Apud
675 4234 886 4328 Theophanem
901 4257 993 4318 porro
1007 4233 1235 4317 chronograph.

12 4325 13 4336 ¹
48 4395 57 4408 ὴ
134 4317 204 4384 144.
230 4317 265 4378 D.
290 4323 361 4402 „tp
384 4313 415 4382 d’
435 4313 518 4404 ον’τρῖ
543 4319 601 4383 ἔτει
622 4319 675 4384 nai
696 4317 733 4383 sd
757 4317 835 4384 κακοὶ
858 4317 912 4386 τᾶν
931 4316 1018 4404 ἅγιον
1039 4317 1169 4404 ’Apidos
1188 4337 1346 4397 -·.·1¹.260

134 4396 274 4485 ἐπράχθη
292 4400 356 4467 sind
377 4407 438 4468 τοῖν
456 4403 641 4490 Ὀμηριτῶν,
661 4406 856 4468 scribendum
870 4407 1009 4486 videtur,
1029 4403 1066 4470 ed
1084 4402 1160 4472 esti
1178 4402 1234 4470 ede
1369 4413 1372 4422 “
