3038 4796
270 397 346 472 890
470 401 704 470 EXCERPTA
722 400 786 468 EX
805 397 974 468 HISTolt
994 399 1177 469 ARABUM

270 563 381 643 evasit,
402 560 505 644 copiae
519 569 619 621 autem
643 558 707 620 eius
736 559 854 640 iugatae
883 566 970 636 suut,
991 557 1095 619 multis
1119 579 1158 619 ex
1185 559 1361 623 satellitibus

271 667 473 730 Seifeddaulae
495 685 514 724 a
533 662 675 724 Romanis
695 663 799 744 captis.
846 660 960 722 Deinde
977 659 1142 741 Imperator
1158 661 1363 722 Romanorum

269 765 659 834 dlashrra-Aluohmanam
678 763 802 824 adortus
821 773 881 842 est,
910 761 1082 845 oppidoque
1099 763 1228 844 potitus,
1258 766 1362 825 fanum

216 893 220 902 ·
270 871 435 934 maximum
450 879 479 930 et
496 869 639 930 maiorem
659 865 864 927 aedificiorum
882 875 999 947 partem
1018 865 1098 926 dirui
1113 865 1208 927 iussit.
1250 867 1363 929 Eodem

269 975 360 1039 ruodo
378 975 412 1035 in
432 969 759 1035 Metabus-hiandum
778 967 944 1047 saeviebat,
970 967 1050 1028 ritae
1070 977 1169 1028 tamen
1187 969 1363 1048 incolarum,

270 1097 399 1160 quorum
412 1077 490 1138 MCC
502 1083 602 1152 erant,
623 1070 768 1154 pepercit,
789 1089 898 1150 eosque
916 1069 1108 1131 inditionem
1129 1071 1291 1132 Romanam
1311 1065 1364 1133 csi-

267 1179 371 1262 ptivos
392 1177 582 1237 abducendos
602 1173 729 1236 curavit.
770 1173 849 1233 Tum
862 1193 1015 1253 aggressus
1039 1181 1085 1233 est
1105 1175 1309 1235 Gaferthabsm
1333 1183 1364 1235 et

270 1279 472 1355 Schaizaram,
501 1277 586 1339 cuius
605 1276 751 1358 templum
775 1276 953 1356 combussit,
982 1297 1080 1357 neque
1101 1277 1188 1339 aliter
1207 1279 1365 1342 Hamatam

269 1381 429 1459 tractavit3
456 1377 692 1440 Himza·deinds
712 1389 896 1460 expugnata,
925 1400 1025 1440 omnes
1045 1379 1098 1460 qui
1117 1401 1151 1440 eo
1168 1383 1365 1461 confugerant

270 1484 405 1566 captivos
426 1481 505 1544 iecit.
546 1481 624 1541 Tum
641 1479 770 1542 Ircatnm
782 1481 984 1564 impugnavit,
1006 1503 1063 1563 qua
1081 1482 1156 1543 urbs
1175 1493 1262 1565 capta
1279 1485 1365 1547 inco-

270 1585 369 1666 lisque
379 1585 412 1645 in
425 1583 629 1665 captivitatem
643 1583 784 1660 redactis,
806 1585 846 1645 ad
858 1583 995 1666 Tripolin
1010 1603 1102 1664 usque
1116 1605 1290 1665 progressus
1304 1597 1365 1662 est;

270 1689 325 1751 sed
336 1707 430 1770 quum
438 1685 576 1764 vidisset,
598 1686 740 1747 suburbia
754 1687 791 1747 ab
804 1688 910 1748 incolis
923 1687 983 1747 iam
996 1687 1087 1748 fuisse
1102 1687 1272 1766 combusta,
1293 1690 1367 1770 Dja-

270 1793 369 1854 balam
387 1811 417 1851 se
439 1787 605 1866 convertit,
634 1809 693 1869 qua
713 1790 846 1871 potitus,
873 1789 1048 1850 Laodiceam
1072 1789 1169 1850 duxit.
1193 1812 1196 1822 ’
1218 1792 1368 1854 ΰοηνευίῑ

271 1913 342 1955 eum
367 1892 456 1952 Abu'l
471 1926 488 1941 -
501 1889 648 1951 Hosainns
679 1889 1366 1972 Ali-Ren-lbrahim-Ben-lusuf-Alfuzaiz,

273 1995 396 2077 quicum
417 1994 587 2076 pactionem
607 1991 680 2054 fecit
700 2013 734 2053 ea
752 1991 938 2070 conditione,
966 1999 1002 2051 ut
1024 1991 1140 2052 obsides
1158 2013 1197 2053 ex
1214 1993 1288 2056 urbe
1309 1995 1366 2056 nbi

271 2098 482 2175 traderentur;
510 2095 637 2156 assentit
657 2104 756 2156 autem
776 2095 846 2173 ille,
868 2091 1056 2174 imperatoris
1073 2115 1105 2154 se
1127 2115 1189 2155 esse
1209 2106 1366 2175 cognatum

273 2209 304 2264 et
320 2219 413 2281 quum
428 2199 580 2258 Romanus
605 2197 732 2258 maiores
751 2197 814 2258 eius
831 2196 1014 2276 agnovisset,
1035 2196 1219 2277 Sardeghum
1236 2193 1367 2282 (Strate-

272 2297 357 2387 gum)
380 2323 446 2363 eum
469 2300 598 2376 creavit3
619 2299 678 2362 bac
693 2300 793 2379 itaque
807 2299 922 2360 ratione
936 2299 1101 2360 incolumes
1118 2311 1275 2362 evaserunt
1287 2303 1367 2362 Lao·

273 2407 374 2466 diceae
390 2405 514 2464 incolae.
555 2401 630 2466 Inde
645 2401 837 2464 Antiochiam
857 2402 969 2462 ducens
988 2402 1020 2462 in
1037 2411 1182 2483 potestate
1200 2424 1254 2463 sua
1269 2407 1367 2466 tenuit

275 2511 410 2581 1oo,000
431 2505 634 2586 captivorum,
658 2523 830 2585 puerorum,
850 2503 1028 2584 puellarum,
1049 2505 1270 2585 iuvenumque;
1297 2527 1367 2566 nam

272 2607 329 2668 hos
345 2608 425 2667 solos
446 2605 578 2688 captivos
600 2607 728 2681 fecerat,
750 2603 823 2665 viris
841 2613 871 2665 st
883 2605 1021 2666 foeminis
1035 2605 1235 2687 provectioris
1252 2609 1364 2686 aetatis,

273 2719 362 2789 atque
379 2709 496 2769 senibus
510 2716 562 2767 aut
573 2706 737 2767 interfectis
749 2715 802 2766 aut
816 2692 956 2766 dimissis.
999 2707 1119 2768 Dicitur
1132 2709 1253 2769 omnino
1265 2709 1296 2770 in
1309 2709 1366 2770 hac

274 2809 464 2894 expeditione
488 2813 528 2876 18
549 2809 691 2888 suggestis
708 2803 740 2888 *)
768 2809 883 2890 potitus
903 2827 966 2868 esse
973 2830 983 2887 3
1014 2810 1150 2872 vicorum
1169 2821 1269 2872 autem
1290 2833 1366 2894 quos

274 2913 401 2997 diripuit
413 2924 443 2972 et
457 2911 634 2990 combussit,
656 2931 797 2972 numerus
812 2911 930 2972 deliniri
942 2913 1055 2993 nequit.

358 3015 469 3077 Castris
493 3023 562 3074 ante
579 3011 768 3074 Antiochiam
784 3011 906 3094 positis,
926 3033 1022 3095 neque
1038 3035 1108 3077 cum
1123 3015 1231 3080 incolis
1244 3039 1366 3081 manum

273 3117 442 3196 conseruit,
463 3135 559 3198 neque
578 3113 698 3176 omnino
720 3115 847 3194 legatum
866 3115 905 3176 ad
924 3133 974 3177 eus
989 3117 1084 3196 misit,
1106 3121 1159 3181 sed
1181 3122 1367 3182 castelluma

272 3217 577 3301 regioneAntiochins
591 3215 752 3294 exstruxit,
764 3217 851 3298 eiquo
864 3219 1217 3302 praeposuitblichablem
1228 3223 1367 3301 Albordli

274 3319 471 3408 (Burtzanr),
501 3321 588 3380 cuius
611 3319 693 3380 dicto
721 3319 874 3381 audientes
897 3341 959 3382 esse
978 3321 1050 3382 iussi
1072 3335 1144 3386 sunt
1164 3325 1255 3386 duces
1278 3325 1367 3386 limi-

273 3427 363 3488 tanei.
413 3426 514 3500 Quum
536 3443 640 3484 rumor
661 3423 741 3482 iuter
763 3421 899 3483 homines
927 3426 1161 3505 percrebuisset,
1189 3425 1223 3487 id
1250 3427 1368 3488 consilii

273 3529 407 3589 Romano
428 3546 509 3602 esse,
529 3533 565 3584 ut
586 3533 682 3584 totam
704 3523 831 3588 hiemem
852 3525 1041 3587 Antiochiam
1063 3527 1217 3592 obsidione
1238 3531 1367 3590 cinctam

272 3637 404 3705 teneret,
425 3627 557 3706 aliasque
570 3625 703 3686 mitteret
716 3626 817 3707 copias
830 3625 975 3688 Halebum
988 3641 1210 3711 oppugnatum,
1230 3631 1368 3712 Karghu·

272 3729 325 3814 jah
345 3727 587 3790 Saahdaddsulae
600 3722 650 3807 **)
671 3729 832 3808 persuasit,
852 3740 888 3790 ut
902 3728 1050 3790 Halebum
1063 3729 1261 3812 relinqueret,
1282 3753 1320 3796 na
1333 3733 1367 3802 in

273 3831 348 3892 urbs
371 3829 565 3891 obsideretur.
615 3829 742 3906 (Narrat
764 3832 872 3894 deinde
894 3841 1014 3910 auctor,
1043 3831 1286 3915 Karghujshnm,
1315 3833 1368 3916 qui

273 3932 434 4012 lladjibus,
455 3931 476 3994 i.
495 3952 522 3998 e.
542 3951 640 3994 comes
659 3933 766 4014 palatii
786 3933 1032 3998 Saahdaddsulae
1051 3945 1132 4014 erat,
1154 3955 1299 3997 summam
1315 3957 1368 3998 re-

272 4055 340 4098 rum
355 4035 565 4098 Halebsnsiuur
586 4034 645 4098 sibi
667 4056 837 4118 arrogasse,
859 4037 1019 4118 urbemque
1035 4037 1197 4114 Halebum,
1220 4057 1289 4100 arcs
1312 4059 1368 4104 sx-

273 4145 395 4215 structu,
420 4139 575 4218 murisque
590 4138 730 4212 resectis,
755 4137 927 4216 munivisse,
950 4137 1132 4220 socioregui
1144 4141 1224 4200 iacto
1236 4139 1368 4222 Bscdju-

273 4261 326 4323 rc,
349 4239 398 4302 cui
420 4261 530 4304 nomeu
552 4239 647 4302 limiti
668 4240 799 4302 inditum
821 4241 877 4317 sit3
907 4242 1118 4324 imperatorem
1138 4251 1239 4306 auum
1258 4243 1370 4304 Roma-

306 4389 1082 4532 n,innunturrunnun..
