2984 4798
264 321 344 400 644
469 334 509 406 N.
529 333 578 404 Μ.
598 331 802 404 FOGGlNll
820 329 1168 404 ADNOTATIONES

264 493 380 555 virtuts
391 499 543 574 reportate
559 501 603 552 est
624 491 661 554 de
676 490 830 554 Saracenis
845 491 991 570 victoris,
1010 491 1096 573 quasi
1110 511 1180 552 cum
1193 487 1366 574 Nicephoro

264 587 371 638 contra
384 597 433 638 eos
448 578 635 660 pugnaverit.
666 579 753 638 Certe
769 573 876 642 εὐκλεᾶ
889 577 1094 660 superviens,
1105 578 1276 656 gloriosum
1289 581 1366 638 Du·

145 675 178 728 Ρ.
196 677 248 737 333
265 685 335 740 cem,
351 665 443 724 iteum
457 664 493 722 ub
508 663 611 724 eodem
620 662 791 742 Nicephoro
805 663 989 742 appellatum
999 683 1091 742 supra
1102 663 1233 730 vidimus
1241 667 1363 726 terme.

160 744 216 804 00¹.
231 750 248 804 1
264 749 287 811 t.
305 769 335 810 v.
358 753 409 815 63.
430 747 482 808 ubi
495 750 583 810 ilium
598 749 730 826 invocet,
754 756 788 809 ut
804 749 843 808 ad
855 747 1004 808 auxilium
1018 748 1075 808 sibi
1088 748 1244 810 terendum
1259 758 1366 809 contn

263 833 405 895 barbaros
421 833 531 894 veniet.
979 898 985 911 .

349 919 401 986 35.
422 913 536 1000 Στόμα]
565 918 608 978 Oa
626 935 751 997 nempe,
779 937 833 978 seu
851 913 952 976 hirtus
977 917 1073 978 inesse
1092 917 1190 994 iilius,
1220 917 1254 977 in
1273 937 1364 997 quem

264 1006 426 1064 Saracenos
445 1025 544 1063 caesos
558 1003 699 1062 incidisse
714 1004 850 1083 superius
863 1003 1021 1064 enarravit.
1056 1001 1190 1084 [Ποινῆς
1207 997 1300 1082 στόμα
1316 1003 1363 1062 di-

265 1099 349 1150 ctum
362 1089 482 1150 videtur
493 1109 546 1170 per
563 1087 762 1167 periphrasin,
776 1098 813 1148 ut
827 1082 922 1168 στόμα
933 1087 1063 1170 ὑσμίνης
1077 1088 1112 1148 ll.
1127 1089 1196 1148 XX.
1211 1089 1282 1156 359.
1295 1082 1364 1152 esd·

265 1197 308 1256 μα
323 1175 479 1253 δηϊοτῆτος
492 1195 538 1254 up.
553 1174 658 1247 Quint„
667 1175 785 1254 Smyrn.
802 1178 830 1239 1.
845 1177 915 1239 193.
927 1182 957 1232 et
968 1167 1062 1253 στόμα
1075 1167 1189 1254 χάρμης
1202 1194 1250 1252 ep.
1269 1173 1361 1235 Eunt.

265 1263 296 1326 1·
311 1259 382 1324 485.
398 1261 478 1338 quod
494 1263 608 1318 veteres
626 1259 818 1318 Grammatici
833 1257 1070 1338 interpretentur
1082 1253 1116 1322 sd
1131 1251 1363 1338 xerepycerseu'·

264 1365 354 1404 susos
367 1341 455 1424 μέρος
467 1348 524 1406 rosi
538 1343 678 1424 πολέμου.
704 1345 758 1404 Est
771 1343 863 1422 igitur
875 1347 985 1422 ποινῆς
1001 1339 1095 1422 στόμα
1109 1353 1235 1400 cruenta
1248 1341 1362 1414 caedes,

260 1448 377 1507 poenae
392 1429 456 1486 loco
470 1429 610 1487 hostibus
624 1431 753 1510 inflictu,
774 1439 809 1488 ut
824 1437 949 1508 eppuret
963 1447 1001 1486 ex
1016 1427 1151 1505 proximo
1168 1447 1268 1488 versu.
1281 1428 1314 1486 F.
1322 1423 1362 1508 1.]

350 1516 401 1578 36.
420 1509 586 1593 Ἡαικρία]
606 1508 674 1572 Ἡοο
689 1515 831 1586 verbum,
853 1513 933 1592 quod
951 1512 1112 1572 in'Codice
1127 1511 1165 1572 oh
1181 1511 1299 1572 chertne
1316 1512 1365 1570 vi-

265 1596 343 1656 tium
357 1599 449 1657 ferme
462 1599 584 1658 omnino
600 1600 700 1677 periit,
714 1598 855 1678 quodque
869 1599 936 1658 ideo
953 1598 1107 1658 Cornelius
1119 1598 1236 1678 penitus
1248 1595 1364 1672 omisit,

264 1701 305 1742 ex
317 1682 484 1743 litterarum
502 1683 632 1762 vestigiis
650 1683 755 1744 adhuc·
767 1683 975 1762 superstitibus
991 1683 1035 1742 sic
1053 1684 1208 1760 legendum
1228 1681 1363 1746 videtur.

350 1769 401 1833 40-
422 1767 645 1850 Όὸοααομῆσαι]
667 1771 713 1828 Ite
727 1768 846 1848 Codex,
866 1765 1149 1850 nouddosnorsicus,
1171 1766 1363 1847 quemadmo-

262 1851 334 1912 dum
350 1853 444 1912 edidit
459 1855 629 1913 Cornelius.¹

349 1937 427 1998 ibid.
450 1932 605 2018 Εόκόλως]
626 1939 672 1998 Itu
687 1938 803 2014 Codex,
824 1957 887 1997 nou
900 1931 1030 2013 ἆκόλως,
1053 1945 1089 1996 ut
1101 1935 1133 1996 iu
1145 1935 1274 1997 editione
1289 1937 1364 1996 Cor-

263 2021 346 2083 nelii.
389 2021 591 2103 Nicephorus,
620 2033 656 2082 ut
676 2023 756 2084 viem
772 2023 810 2082 ed
832 2024 1021 2082 commodum
1044 2023 1092 2080 sui
1106 2023 1255 2094 exercitur
1274 2022 1364 2081 ssoile

260 2117 456 2186 coaequaret,
476 2107 591 2168 histum
607 2108 690 2168 iilius
711 2110 806 2168 fossae
824 2108 912 2168 iussit
927 2105 1051 2188 repleri:
1075 2127 1204 2186 cumque
1219 2128 1252 2168 ee
1265 2127 1364 2188 prope

259 2193 376 2252 moenie
398 2196 613 2252 Saracenorum
633 2203 724 2267 esset,
745 2214 783 2252 ne
801 2195 927 2268 milites,
951 2193 1022 2251 dum
1044 2211 1120 2271 opius
1142 2193 1321 2270 perficiunt,
1342 2212 1365 2250 a

260 2275 396 2338 herberie
409 2279 488 2338 luedi
503 2287 635 2358 possent,
658 2297 707 2338 eos
722 2278 924 2338 testudinibus
938 2275 1055 2357 protegi
1072 2277 1233 2339 mandevit.
1267 2278 1362 2337 Porro
1477 2341 1480 2348 ,

259 2360 335 2422 heeo
354 2363 472 2423 testudo
488 2363 629 2422 machine
650 2373 714 2423 eret
727 2364 867 2438 tectorio,
890 2363 1004 2423 ecorio
1025 2362 1201 2440 duriorique
1222 2362 1278 2422 elie
1293 2383 1362 2420 ms-

257 2446 334 2506 teriu
357 2447 484 2526 desuper
502 2457 654 2525 contecta,
683 2469 758 2527 quse
778 2449 870 2508 muris
890 2448 1027 2524 sdmote,
1054 2455 1122 2506 tuto
1140 2448 1173 2506 in
1195 2467 1226 2506 se
1249 2446 1363 2510 milites

258 2530 441 2593 continebat.
484 2532 574 2591 Hunc
586 2531 747 2592 Theodosii
758 2533 857 2592 locum
873 2533 1009 2614 apprime
1024 2532 1156 2592 illustret
1169 2531 1264 2592 Iulius
1279 2533 1363 2592 Cne-

259 2635 310 2674 sur
324 2615 361 2675 de
374 2613 455 2680 usu:
465 2617 664 2676 Civil.lib.'1[.
679 2637 743 2699 esp.
757 2625 787 2685 2.
798 2618 851 2678 ubi
866 2617 907 2676 ita
921 2617 1034 2696 inquit:
1056 2615 1258 2676 Antecedebat
1267 2627 1363 2674 testu.

260 2697 300 2757 do
318 2698 434 2779 pedum
456 2703 518 2763 LX.
543 2701 746 2782 aequandi
762 2703 1101 2779 lucicausa,facta
1116 2705 1362 2779 itemexsortieh

258 2787 348 2843 simis
359 2785 465 2865 ls'gms,
483 2787 623 2846 involuta
637 2787 776 2848 omnibus
784 2788 881 2860 rebus,
898 2789 1009 2868 quibus
1018 2790 1102 2868 iguis
1114 2789 1217 2846 iactus
1231 2797 1259 2845 et
1273 2788 1362 2866 Inpi-

259 2867 313 2928 des
329 2869 452 2948 defendi
467 2884 604 2953 possent.
629 2871 703 2935 Vide
716 2875 807 2954 plurs
824 2874 905 2954 epud
928 2873 1096 2935 Vitruvium
1110 2873 1165 2935 lib.
1179 2875 1216 2936 X.
1231 2893 1295 2954 cup·
1306 2877 1360 2940 20.

261 2963 292 3018 et
305 2960 360 3022 21.

343 3039 396 3106 44.
409 3035 491 3123 Ἄγε]
515 3041 550 3102 In
574 3041 705 3102 editione
727 3043 859 3104 Cornelii
881 3043 990 3122 legitur
1014 3037 1092 3126 dsip,
1119 3043 1172 3104 sed
1193 3039 1247 3127 ὅγε
1265 3040 1360 3102 resti-

259 3124 406 3186 tuendum
422 3147 484 3186 esse
499 3136 658 3186 eotsteutus
672 3137 767 3203 certe,
790 3149 826 3188 sc
839 3149 941 3188 sensus
956 3130 1021 3209 ipse
1034 3130 1181 3211 poematis
1196 3145 1359 3208 exposcere

258 3209 411 3270 videntur.
454 3208 540 3291 [Ἄγε
557 3212 690 3290 Fogginii
706 3233 825 3274 versum
841 3215 1020 3293 pessumdet.
1064 3215 1180 3274 Codicis
1193 3213 1282 3272 lectio
1297 3205 1358 3293 sisio
1481 3217 1483 3228 ’

259 3294 373 3355 eivers
395 3304 455 3372 est,
477 3297 661 3357 Theodosius
684 3299 904 3378 s'c'remipsum
925 3299 958 3358 in
973 3299 1176 3359 testimonium
1198 3297 1235 3358 de
1256 3316 1359 3378 pugne
1480 3329 1482 3366 1

259 3379 403 3440 acerrima
418 3383 564 3462 sppcliat,
586 3375 666 3462 quod
684 3383 812 3442 telorum
833 3383 988 3444 hostilium
1002 3385 1080 3446 nube
1092 3384 1239 3463 repletus,
1261 3381 1358 3440 vicis-

259 3464 315 3524 sim
329 3467 530 3526 Romunorum
546 3469 605 3527 tela
619 3468 651 3526 in
670 3465 769 3527 hostes
783 3469 860 3528 iactu
874 3479 1044 3531 retorserat.
1089 3464 1191 3530 Xersis
1213 3467 1275 3528 uiri
1294 3465 1358 3524 tri-

257 3548 311 3610 bui
332 3552 431 3628 potuit
452 3555 553 3612 endem
569 3553 710 3631 imagine,
736 3573 810 3632 quen
830 3555 908 3614 inest
928 3573 958 3615 v.
982 3560 1031 3622 62.
1062 3547 1244 3633 λεπτόνηταν
1271 3550 1358 3630 (sive

256 3629 473 3720 λεπτόστημον)
496 3635 620 3719 αἰθέρος
633 3633 751 3712 πλόκος.
791 3640 842 3698 Sic
857 3639 967 3699 Pisidas
977 3640 1008 3698 iu
1024 3638 1163 3700 hexaem.
1185 3657 1214 3697 v.
1232 3639 1301 3704 185.
1316 3635 1358 3696 de

257 3720 332 3779 eseli
345 3719 475 3779 ambitu:
498 3726 667 3797 Σταλίζεται
681 3720 713 3784 δὲ
729 3719 781 3786 τόν
793 3728 903 3804 χιτῶνα
915 3720 968 3786 τόν
982 3723 1083 3806 μέγαν,
1110 3719 1166 3786 Τόν
1180 3718 1262 3800 όὲρα,
1278 3725 1357 3782 uss-

256 3803 369 3868 setoso
385 3807 498 3884 sepelis
512 3807 592 3892 ξένῃ,
607 3804 715 3884 xoris,
732 3810 850 3890 διαυγῆ,
866 3805 982 3885 λεπτόν,
995 3803 1193 3889 η’ραιωμόνον.
1221 3807 1264 3866 lb.
1280 3811 1356 3872 271.

258 3894 310 3948 e'e'r
329 3900 456 3950 vocetur
469 3887 596 3972 dsposuit
609 3889 717 3956 λεπτόν
738 3904 768 3954 et
788 3893 876 3976 ἔργον
897 3889 1086 3975 αἐρόσσημαν.
1118 3889 1173 3952 Vel
1190 3893 1234 3952 sio
1252 3901 1357 3952 tamen
1401 3955 1403 3960 ,

258 3983 331 4035 eunt
342 3975 488 4035 nonnulla
504 3978 536 4035 in
554 3977 601 4038 his
614 3978 770 4050 versibus.
792 3999 868 4058 quse
884 4000 945 4038 non
961 3979 1096 4058 expedio.
1117 3977 1151 4038 F.
1167 3976 1202 4055 1.]

342 4059 394 4126 45·
420 4065 482 4123 Ταῦ
494 4067 552 4126 σοῦ
568 4067 704 4143 χιτῶνας]
726 4064 916 4124 Testudinem
937 4083 1058 4144 nempe,
1079 4083 1169 4142 quam
1184 4062 1280 4124 veluti
1297 4079 1357 4124 ve·

256 4151 331 4204 atem
348 4145 514 4225 quendem,
536 4168 590 4208 seu
605 4157 808 4225 tegumentum
821 4147 1022 4228 metaphorice
1036 4147 1184 4208 describit.

343 4229 422 4291 iord.
449 4229 529 4314 Τήν]
560 4233 669 4292 Omisit
691 4231 775 4296 hunc
801 4235 964 4296 articulum
978 4233 1148 4298 comsuun
1175 4252 1236 4313 qus
1256 4230 1294 4292 de
1315 4247 1355 4292 re

256 4335 380 4379 versum
397 4317 494 4395 edidit
509 4317 734 4385 cleudiceutem.
