3038 4796
242 321 309 437 ¹nn
329 365 487 436 muno.
508 365 597 438 srn.
618 367 703 437 ric.
722 367 851 438 enee.
873 367 934 435 rr
954 369 1014 436 10.
1033 369 1154 440 rzuu
1206 365 1282 440 sss
1413 399 1414 404 κ

174 541 329 595 uteorum
344 529 485 610 progenie
499 529 664 612 erstirpata
672 573 681 608 ,
705 548 743 589 ex
757 548 790 588 se
801 535 921 590 tantum
932 528 1014 610 regia
1030 532 1132 612 proles
1148 533 1281 597 deduce-

174 643 269 698 retur.
313 631 509 714 Theophanis
529 643 646 711 sutem,
670 632 789 712 cognito
812 633 876 693 eius
899 632 1046 712 consilio,
1069 635 1107 696 de
1126 635 1197 697 filiis
1219 639 1282 700 suis

175 733 341 797 admodum
358 735 488 796 sollicita
504 735 701 796 domesticum
716 732 1037 814 Schumuschchigum,
1060 757 1191 816 quocum
1205 760 1282 800 con·

175 839 360 920 spiraverat,
388 839 586 900 muliebribus
608 838 749 900 indutum
767 837 903 899 vestibus
927 857 996 898 cum
1017 839 1195 918 quibusdam
1217 843 1281 902 aliis

175 939 317 1001 iniuriam
334 940 431 1020 pessis
449 941 483 1000 in
503 941 611 1023 palatii
626 941 730 1004 eedem
748 950 845 1002 noctu
864 939 1034 1002 nativitatis
1054 943 1217 1005 servatoris
1230 944 1283 1004 in-

175 1043 318 1104 troduxit
339 1050 370 1102 et
384 1044 590 1126 Nicephorum
610 1045 768 1107 certiorem
783 1046 874 1123 fecit,
895 1063 926 1104 se
946 1043 1049 1124 stirpis
1070 1065 1141 1108 suec
1157 1046 1283 1108 seminas
1372 1063 1383 1090 ·

176 1147 321 1228 quasdem
338 1147 377 1206 ad
391 1167 422 1208 se
435 1147 469 1207 in
486 1147 640 1208 ecclesiam
652 1167 792 1225 vocasse,
813 1158 963 1209 uteorum
980 1167 1080 1208 secum
1094 1157 1281 1231 pernoctan-

175 1249 254 1309 tium
273 1249 426 1330 colloquio
446 1259 589 1312 uteretur.
631 1251 697 1312 Hac
714 1251 837 1326 ratione,
852 1271 941 1331 quam
963 1251 1095 1332 primum
1115 1253 1281 1332 imperato-

175 1371 240 1438 rem
255 1363 536 1432 somnogrtvatum
552 1354 712 1432 sentiebat,
734 1352 1028 1432 Schumuschchigus
1045 1362 1075 1413 et
1091 1352 1142 1433 qui
1158 1373 1228 1414 cum
1244 1373 1280 1416 eo

175 1464 281 1530 erant,
301 1455 418 1516 inducti
435 1457 468 1516 in
489 1458 569 1518 lecto
592 1478 660 1518 eum
680 1457 876 1532 occiderunt,
899 1476 1077 1536 eorumque,
1101 1456 1155 1536 qui
1174 1457 1281 1539 palatii

175 1567 279 1639 portas
295 1559 519 1639 custodiebant,
546 1561 723 1642 plusquam
742 1565 786 1627 70
808 1559 1033 1620 interfecerunt.
1074 1559 1162 1620 Hanc
1183 1559 1282 1622 caedis

175 1659 340 1742 Nicephori
359 1683 495 1747 caussam
513 1663 546 1722 in
562 1663 650 1722 libris
669 1669 808 1722 accurate
825 1659 946 1741 scriptis
961 1659 1153 1737 invenimus,
1175 1679 1209 1720 ee
1222 1679 1280 1722 su-

176 1771 255 1840 tem,
278 1783 367 1842 quam
386 1763 487 1826 beatus
501 1763 730 1826 Mer-Michael
747 1774 891 1844 tanquam
904 1763 941 1822 ab
963 1761 1079 1842 ignatio
1092 1761 1281 1824 Melitenensi

177 1875 331 1946 acceptam
348 1867 457 1944 refert,
481 1867 615 1928 occisum
630 1888 693 1928 esse
706 1868 791 1944 ideo,
813 1865 897 1948 quod
911 1865 946 1926 in
962 1865 1101 1946 coniugio
1115 1886 1222 1948 perum
1236 1865 1280 1926 fi-

176 1967 252 2030 delis
273 1970 396 2048 fuisset,
423 1971 548 2032 minime
568 1971 633 2033 veri
655 1970 760 2031 similis
783 1979 845 2048 est,
876 1967 965 2049 quia,
987 1987 1022 2030 eo
1044 1968 1161 2046 occiso,
1182 1987 1280 2048 neque

176 2093 248 2134 cum
276 2071 571 2153 Schumuscbchigo,
599 2073 651 2154 qui
673 2082 746 2155 post
768 2069 972 2154 Nicephortun
991 2071 1147 2152 regnavit,
1176 2088 1278 2152 neque

175 2197 246 2238 cum
262 2176 321 2236 ulio
337 2197 486 2256 quoquam
501 2197 565 2236 rem
578 2175 692 2238 habuit.

259 2279 348 2340 Anno
363 2283 428 2348 360
446 2277 577 2340 Arabum
598 2289 774 2361 propterea,
796 2277 877 2358 quod
890 2277 1007 2338 inventi
1023 2284 1109 2340 erant
1125 2275 1184 2338 duo
1198 2273 1278 2338 tn-

174 2381 226 2444 bes
246 2392 344 2444 noctu
365 2382 400 2442 in
421 2381 535 2463 templo
557 2381 642 2441 iuxta
665 2381 841 2444 coenobium
861 2379 1016 2442 Michaelis
1033 2381 1279 2442 Nestorianorum

172 2485 400 2549 Mozalanorum
421 2483 482 2545 sito
506 2483 617 2560 occisi,
646 2484 832 2548 Christianos
852 2483 1025 2546 Mosalanos
1046 2481 1279 2563 Abu-Thagleb

173 2588 256 2650 filius
271 2586 512 2650 Neaeroddaulae
521 2593 664 2664 ,120,000
680 2609 824 2650 zuasrrrm
838 2587 989 2652 multavit

260 2691 349 2752 Anno
368 2696 433 2758 362
455 2690 589 2752 Arabum
615 2689 802 2750 Domesticus
823 2711 893 2750 cum
914 2692 1119 2753 Romanorum
1143 2689 1280 2752 exercitu

140 2826 144 2840 ι
175 2791 293 2854 Nisibin
305 2795 459 2876 profectus
480 2813 616 2875 magnam
631 2803 759 2873 stragem
774 2793 818 2854 ibi
837 2794 933 2854 edidit
946 2803 977 2856 et
994 2814 1050 2876 per
1065 2800 1109 2862 22
1124 2793 1188 2854 dies
1200 2791 1278 2852 nihil

175 2895 260 2956 aliud
281 2897 357 2976 egit,
380 2917 470 2978 quam
487 2907 521 2958 ul
535 2897 716 2980 captivaret,
739 2895 883 2976 diriperet
903 2907 934 2958 et
953 2897 1105 2978 regionem
1135 2901 1279 2956 restaret.

172 2999 281 3061 Postea
297 3019 392 3080 quum
412 2999 548 3062 Amidam
569 3001 721 3077 tenderet,
742 2997 832 3060 huius
847 2997 932 3058 urbis
948 2997 1011 3059 dux
1032 2997 1164 3058 militum
1178 2997 1279 3079 impe-

172 3105 267 3164 travit
292 3125 309 3163 e
330 3103 463 3164 Mosslae
478 3105 651 3185 praesecto,
681 3100 949 3180 Abu-Thaglebo,
976 3109 1151 3181 utmagnus
1174 3100 1277 3181 copias

172 3225 244 3266 cum
262 3207 356 3268 fratre
377 3228 433 3269 suo
451 3209 596 3270 mitteret.
640 3209 792 3270 Romanos
813 3203 914 3268 adorti
929 3203 1061 3266 victores
1076 3201 1188 3264 Arabes
1210 3203 1278 3264 fue-

172 3319 246 3370 runt
267 3320 297 3370 et
314 3311 520 3372 Domesticum
543 3320 666 3392 captum
684 3311 898 3390 vinctumque,
920 3306 1062 3368 Romanis
1081 3305 1278 3386 fugientibus,

173 3409 320 3473 Moralem
337 3415 495 3476 miserunt.
539 3413 819 3494 Abu-Thaglebus,
841 3431 901 3492 quo
924 3431 1054 3472 amorem
1076 3429 1147 3470 cum
1159 3411 1278 3472 Roma-

173 3513 222 3574 nis
248 3515 457 3594 confirmaret,
484 3517 692 3598 benignissime
714 3516 820 3578 habuit
840 3515 1060 3594 Domesticum,
1096 3513 1153 3594 qui
1176 3522 1279 3576 temen

172 3619 275 3680 cancri
289 3621 394 3696 morbo
409 3621 451 3681 ibi
465 3621 552 3686 obiit.

256 3721 324 3783 Hoc
346 3745 425 3785 anno
444 3725 579 3806 populus
595 3722 839 3803 Bagdalenensis,
862 3723 916 3805 qui
935 3722 1047 3784 multos
1067 3718 1226 3782 Nisibenos
1245 3718 1280 3780 in

173 3823 379 3906 captivitatem
397 3829 560 3906 incidisse,
583 3827 692 3888 multos
716 3827 831 3888 occisos
853 3846 917 3888 esse
937 3826 1118 3901 audivisset,
1140 3823 1180 3884 ad
1201 3822 1279 3884 iram

172 3929 342 3989 concitatus
365 3950 506 4010 mognum
535 3929 678 3992 adversus
700 3927 849 3990 Chalifem
869 3929 1012 4007 Motium,
1039 3927 1170 3988 ludibrio
1189 3924 1280 3986 babi-

170 4037 257 4107 tum,
274 4033 442 4094 tumultum
464 4031 624 4112 excitavit,
647 4033 730 4114 quod
743 4053 800 4116 pro
815 4031 962 4102 Arabibus
978 4040 1093 4094 certsrs
1113 4030 1225 4107 nollet,
1248 4037 1280 4090 et

168 4131 285 4196 ineius
302 4137 401 4197 sulam
415 4136 585 4216 amicosque
601 4139 659 4200 tels
674 4136 819 4199 «coniecit.
862 4135 1011 4198 Adierunt
1022 4135 1109 4198 etiam
1128 4132 1277 4196 nobilium

170 4237 299 4316 quidam
320 4239 462 4302 Emirarn.
478 4239 702 4320 Azodelaulam,
724 4242 817 4302 Cufue
837 4249 1022 4320 versantem,
1049 4236 1277 4300 sollicitarunt-

171 4361 248 4422 que,
267 4354 304 4406 ut
317 4353 423 4406 coum
436 4345 587 4407 llomsnol
596 4346 708 4408 milites
719 4347 864 4410 nritterst.
933 4351 937 4360 '
