3038 4796
223 334 300 407 364
386 419 389 426 ,
518 341 780 414 currentum
809 341 1005 412 LEGATIO

222 510 284 562 tur.
324 499 382 562 Set
396 507 568 577 torrentur,
590 501 750 580 inquiunt,
772 509 803 562 et
816 519 970 582 quomque
994 497 1204 560 Sanctieeimne
1217 497 1318 580 Impo-

221 611 305 665 retor
327 603 528 662 Romanorum
544 602 731 683 Nicephorue
746 603 821 664 haec
842 602 984 664 resciscat
998 603 1090 680 mdo,
1112 601 1198 679 gruri
1213 608 1321 660 c'ueto-

224 703 275 762 ‹liu
295 711 488 767 macerentur.
539 705 616 764 Dum
637 704 711 765 beec
731 705 940 780 resciscerem,
971 703 1073 763 lelioee
1092 723 1159 780 eoe,
1179 703 1322 782 quonium

223 824 385 886 pauperee3
404 825 455 864 ,me
467 804 614 867 infelicem
625 846 644 881 ,.
656 807 724 885 quin
739 805 883 882 divitem,
903 805 1049 892 iudicavi.¹
1086 805 1163 864 Cum
1178 803 1259 862 dorm‘
1271 823 1322 862 ee·

223 925 301 982 eom,
321 923 386 966 mee
404 927 452 966 me
465 907 605 966 voluutas
618 927 779 987 pauperem
794 907 969 980 excueebet3
991 905 1250 985 Constantinopoli
1263 923 1321 963 vo-

223 1027 259 1066 ro
274 1008 406 1088 poeitue,
429 1010 530 1070 Croeei
544 1031 591 1070 me
606 1009 714 1068 bebere
730 1008 850 1070 divitiee
868 1009 961 1070 timor
981 1008 1047 1088 ipre
1066 1007 1191 1071 dicebat.
1233 1009 1321 1064 Sem·

116 1114 173 1170 eot
189 1115 209 1173 2
223 1130 279 1191 per
292 1110 370 1170 mibi
387 1112 544 1192 pauperior
559 1111 667 1189 grevie,
682 1119 758 1172 tunc
772 1111 836 1170 viee
849 1120 895 1170 eet
906 1111 992 1186 levis,
1011 1120 1086 1170 tuno
1098 1115 1230 1188 accepte,
1245 1099 1322 1165 tune

222 1214 436 1294 amplectende.
480 1211 823 1293 Amplectendeutique,
847 1233 923 1292 quoe
938 1232 1007 1273 euoe
1027 1209 1151 1292 perimi,
1165 1209 1322 1268 eubiectoe

137 1345 139 1362 ι
223 1315 281 1376 eibi
301 1314 444 1394 flagellari
460 1335 522 1375 non
536 1315 660 1394 potitur.
704 1314 744 1374 Et
757 1313 828 1394 quin
842 1313 917 1374 baec
935 1323 1093 1397 paupertre
1108 1311 1322 1372 Constantino-

222 1417 288 1498 poli
309 1417 408 1476 eolutn
427 1437 497 1478 eune
507 1417 558 1476 ite
581 1415 732 1494 defendit,
753 1417 859 1476 eodem
884 1417 924 1476 eit
948 1413 1145 1476 solummodo.
1163 1411 1322 1491 diligende.

222 1518 336 1597 Igitur,
358 1517 541 1598 Apostolicie
563 1517 682 1578 nunriie
702 1518 736 1576 iu
756 1537 904 1578 carcerem
926 1519 1061 1594 truditie,
1082 1516 1242 1599 publicent
1267 1515 1323 1574 ille

224 1618 349 1700 epietolu
371 1619 539 1700 Nicephoro
559 1620 592 1680 iu
619 1620 861 1699 Meropotemiem
887 1621 1035 1698 mittitur5
1064 1620 1146 1678 unde
1166 1635 1259 1696 utque
1282 1613 1325 1674 etl

224 1721 363 1802 quintum
372 1722 444 1782 Idue
459 1723 640 1804 Septembris
654 1713 716 1782 'non
732 1731 777 1784 eet
794 1741 934 1782 roversue
955 1723 1008 1802 qui
1032 1721 1153 1782 afferret
1180 1719 1320 1799 apologe-

223 1823 322 1884 ticum
338 1825 492 1886 nuncium.
533 1823 601 1897 Qun
624 1823 672 1884 die
693 1843 762 1884 cum
777 1823 905 1902 rediret,
927 1833 958 1886 et
976 1841 1024 1883 me
1044 1824 1167 1897 lateret,
1190 1817 1324 1901 poetbi-

227 1927 340 2004 duum,
368 1925 483 1985 decimo
508 1935 615 1984 octavo
637 1926 752 1986 seilicet
768 1926 893 1986 Kalend.
915 1925 1071 2002 Octobrie‚
1093 1916 1232 2004 precibue
1252 1941 1324 1982 mu-

227 2024 510 2108 neribuequeeffeei,
527 2037 562 2087 ut
570 2027 724 2090 vivificum
739 2037 830 2106 etque
839 2027 1024 2088 salutiferum
1033 2027 1186 2088 adorarem
1195 2025 1322 2104 lignum:

227 2130 282 2191 ubi
294 2139 378 2196 tento
390 2129 565 2190 intumultu
576 2130 682 2212 populi
692 2131 770 2189 clem
791 2131 962 2192 custodibus
978 2130 1097 2208 quidem
1113 2149 1161 2189 me
1173 2128 1323 2205 adierunt,

228 2235 281 2313 qui
297 2241 424 2294 mentem
441 2251 537 2292 meam
556 2232 711 2310 lugubrem
731 2233 852 2293 furtivie
873 2233 1058 2298 sermonibue
1072 2231 1199 2292 hilarem
1216 2229 1324 2290 reedi-
1393 2251 1397 2258 ·

197 2334 348 2402 bderunt.
389 2333 511 2394 Decimo
533 2334 640 2412 quinto
662 2343 761 2394 eutem
780 2336 848 2396 Kul.
870 2335 1031 2412 Octobris,
1054 2330 1163 2396 'mortio
1185 2333 1325 2420 vitroque

225 2435 357 2524 medice,
378 2435 417 2494 ed
434 2437 577 2515 pelotium
590 2456 656 2496 eum
669 2446 861 2502 convocetur
906 2437 1039 2514 Cumque
1056 2435 1095 2496 ed
1114 2435 1325 2517 Cluietophori

225 2537 346 2626 Petricii
360 2535 499 2602 Eunuchi
513 2539 709 2616 preoeeutium
720 2539 864 2618 venirem,
874 2538 1001 2616 benigne
1012 2557 1060 2598 me
1072 2540 1247 2618 suscipiere,
1264 2539 1324 2597 mi-

225 2637 345 2698 lucum
366 2639 462 2698 tribue
480 2639 546 2700 aliie
567 2640 747 2702 recurrexit:
771 2661 901 2719 quorum
914 2639 1087 2702 buiuemooli
1106 2642 1164 2703 luit
1175 2641 1331 2700 narratio-0

226 2739 273 2800 uie
289 2739 427 2802 initium:
450 2741 622 2800 Oetentluut
643 2743 741 2822 pellor
756 2743 789 2802 iu
810 2763 862 2804 ore
878 2742 998 2819 eedene,
1020 2742 1128 2802 macie
1142 2742 1176 2800 iu
1197 2761 1331 2822 eorpore

225 2850 306 2918 toto,
329 2843 469 2902 crinitum
491 2852 599 2924 ceput,
623 2843 742 2922 prolixe
759 2853 865 2904 contro
883 2863 995 2904 morem
1018 2843 1124 2918 bur-be,
1146 2845 1324 2904 immensum

224 2943 314 3004 cordi
331 2953 383 3004 tuo
406 2945 502 3008 incure
520 2946 669 3021 dolorem,
692 2965 727 3006 eo
747 2945 829 3026 quod
843 2944 989 3009 redeundi
1004 2945 1043 3006 od
1058 2946 1220 3008 Dominum
1237 2956 1324 3006 tuum

225 3046 429 3108 inminuerat
445 3049 595 3108 dilatatur.
639 3048 750 3108 Verum
763 3068 801 3108 ne
815 3049 924 3108 Sancto
939 3047 1128 3127 Imperatori,
1150 3067 1225 3108 neve
1236 3047 1324 3108 nobie

225 3168 416 3227 eucceneeee,
438 3169 567 3212 uremur.
609 3151 773 3211 Reddimue
799 3159 898 3210 eutem
926 3151 1073 3210 tarditatie
1094 3160 1164 3210 tuoe
1194 3170 1324 3210 caueam.

225 3249 305 3329 Pupr
325 3251 477 3310 Romanus
498 3249 544 3332 (ei
564 3261 664 3312 temen
686 3254 766 3333 Pepe
784 3263 829 3314 eet
848 3251 1016 3328 vocandus,
1038 3249 1091 3331 qui
1108 3253 1239 3314 elberici
1260 3251 1325 3312 filio

198 3350 395 3430 Capoetutee,
417 3354 571 3432 adultero,
595 3357 754 3434 sacrilego,
782 3355 1034 3433 communicavit,
1056 3351 1324 3432 comministravit)

227 3453 329 3514 literne
344 3464 448 3516 nostro
466 3455 659 3518 Sebctiseirno
673 3459 850 3540 Imperatori
870 3479 900 3518 ee
917 3459 1036 3536 dignae,
1057 3457 1171 3536 illoque
1188 3456 1325 3535 indignae

227 3555 325 3632 mieit,
348 3557 531 3618 Graecorum
548 3551 653 3637 illuni,
676 3571 706 3622 et
728 3582 789 3621 uon
809 3562 1010 3620 Romanorum
1034 3559 1247 3638 Imperatorem
1266 3575 1326 3618 vo-

230 3677 317 3718 cene:
334 3659 414 3737 quod
424 3660 472 3720 tui
484 3659 597 3720 domini
611 3663 738 3724 coneilio
749 3674 849 3724 ectum
864 3682 926 3722 non
942 3671 988 3722 eet
998 3655 1198 3742 ἀμφίσβητον.
1225 3657 1325 3734 Quod,
1356 3646 1361 3658 ⁸

228 3762 351 3841 inquam
370 3781 507 3839 mecum,
528 3765 653 3826 verbum
675 3765 789 3838 undio?
809 3764 901 3846 perii:
922 3763 1005 3824 bend
1028 3763 1152 3832 dubiem
1172 3759 1335 3840 eet„quiu·

226 3863 258 3923 in
269 3863 454 3944 praetorium
462 3876 542 3926 recte
552 3867 724 3949 proficiecer
737 3866 796 3927 via.
824 3867 884 3928 Sctl
893 3865 1069 3948 Pepe,nudi,
1083 3865 1179 3940 eiuut,
1192 3861 1328 3922 omnium

225 3964 381 4028 bominum
404 3967 561 4040 etolidior‚
591 3966 701 4033 scimur
727 3969 828 4030 dicere
853 3969 919 4043 vie,
948 3987 1065 4048 noeque
1085 3967 1119 4035 id
1142 3964 1328 4045 profitemur.

223 4067 267 4133 m
278 4089 332 4149 ogo
348 4091 410 4134 uon
421 4069 455 4131 id
471 4069 531 4134 aio.
574 4070 651 4132 tuti
664 4091 750 4150 ergor
773 4071 826 4132 sed
839 4073 917 4151 Pepe
929 4073 1028 4134 letuue
1036 4112 1047 4143 ‚
1070 4067 1201 4138 intulero
1210 4066 1327 4144 ,iguo-

225 4181 274 4232 ret
298 4173 527 4257 Corntentlnutp
544 4176 688 4248 soporum
708 4173 878 4256 lmperielie
898 4173 1103 4256 eceptrubuc
1119 4167 1328 4244 lrssmvtw

225 4278 368 4338 Senatum
387 4297 523 4356 omnem,
546 4287 744 4356 nemetumque
759 4279 923 4340 Romenem
940 4274 1087 4341 militium.
1130 4273 1241 4334 ltomee
1254 4286 1328 4332 vero
