2956 4800
247 330 375 406 xrrn'v
681 346 725 418 c,
744 349 782 418 n,
803 349 921 428 flAsfl

249 516 335 568 vecte
355 503 488 584 undique
508 515 729 588 repeterentur,
760 509 871 568 accidit
891 519 927 571 ut
947 509 1027 571 inter
1043 501 1167 572 Godicea
1188 509 1223 570 in
1243 511 1350 572 urbem

248 607 446 690 reportandos
466 619 544 674 aeret
559 609 722 670 Vetieanua
739 611 794 672 No.
809 617 879 678 163.
901 613 985 672 illam
1002 614 1101 694 ipaam
1121 613 1192 672 lulii
1217 615 1348 675 Pollucia

246 711 405 772 historiam
419 711 630 790 complectena.
666 713 718 772 tbi
733 733 802 772 cum
815 713 1031 774 intellexissent
1041 725 1253 795 procuratores
1265 719 1350 778 Sum-

246 814 289 874 mi
303 812 464 888 Pontificio,
481 833 528 872 me
539 813 573 872 in
588 813 784 876 conficiendie
795 795 875 876 irotia
886 815 945 876 hoc
954 818 1063 878 Codice
1076 839 1160 898 aegm
1173 820 1349 897 cariturum,
1468 819 1473 832 ’

244 915 470 998 perhumaniter
480 927 667 994 negaverunt
687 937 719 977 aa
742 919 969 996 commiaauroa,
992 929 1027 980 ut
1045 941 1062 979 a
1082 941 1115 982 aa
1136 922 1243 982 etudiia
1275 923 1348 982 mein

246 1020 362 1080 obeeeet
375 1018 547 1098 quicquam,
564 1012 832 1099 permiseruntque
856 1029 889 1078 ut
905 1041 998 1100 unque
1011 1022 1049 1080 ad
1062 1021 1224 1084 editionem
1236 1023 1308 1085 libri
1322 1025 1349 1085 ia
1387 1001 1391 1006 Ι

245 1123 348 1182 Codex
362 1121 482 1182 Pariaiie
495 1131 670 1180 remaneret.
693 1116 843 1194 Quocirca
856 1122 1000 1182 maximae
1017 1125 1126 1201 gratiae
1140 1135 1169 1186 et
1181 1147 1235 1206 ago
1252 1137 1281 1186 et
1292 1125 1348 1202 ha-

244 1224 299 1307 hoq
319 1225 391 1284 Viro
405 1223 570 1283 reverendo
584 1233 676 1302 atqua
688 1223 732 1282 ill.
750 1223 867 1283 Marino
885 1225 1011 1302 Marini,
1034 1227 1070 1285 ab
1084 1228 1191 1288 intimo
1208 1228 1347 1288 cubiculo

136 1349 137 1355 ¹
244 1325 360 1386 Summi
374 1323 544 1397 Pontificio,
566 1334 597 1384 et
610 1323 725 1384 archivi
738 1324 904 1403 Apoetolici
919 1325 1056 1388 Vaticani
1070 1330 1238 1402 Praefecto,
1261 1332 1347 1392 cuiue

245 1429 279 1490 in
292 1429 352 1488 hoc
364 1427 484 1505 negotio
501 1425 610 1484 eximia
623 1426 776 1505 etudiique
793 1427 882 1506 plena
898 1429 997 1489 officia
1012 1451 1079 1510 erga
1094 1439 1142 1491 ine
1154 1433 1346 1496 exetiterunt.

246 1529 339 1604 Quod
360 1537 459 1588 antem
479 1528 626 1588 eiusmodi
646 1529 806 1590 notionum
821 1528 1032 1593 hiatoricerum
1055 1555 1093 1594 ue
1110 1537 1154 1595 aic
1174 1535 1297 1616 quidem
1312 1537 1347 1596 in

244 1631 305 1694 hoc
317 1631 410 1690 Tomo
427 1649 587 1711 permagna
605 1640 650 1690 eat
669 1631 799 1694 acceaaie
820 1632 918 1713 sacta,
940 1653 1003 1693 non
1018 1635 1120 1696 hercle
1136 1639 1279 1719 penuriae
1294 1639 1347 1700 Bi-

244 1733 413 1794 bliothecae
429 1742 567 1810 coatrae,
590 1732 642 1792 aed
660 1734 808 1816 paucitati
823 1755 988 1810 annorum,
1012 1759 1142 1818 quorum
1157 1751 1238 1820 geete
1253 1741 1347 1802 tredit

244 1837 304 1898 Leo
323 1835 405 1919 (vide
425 1854 516 1916 cupra
532 1832 685 1920 vult),
709 1835 802 1896 tribui
819 1837 852 1896 id
865 1839 966 1898 velim.
1009 1841 1222 1920 turollum,
1244 1863 1343 1904 anno·

134 1985 139 1994 .
243 1962 311 2004 rum
326 1959 422 2022 prope
436 1949 555 1998 eentum
572 1923 970 2020 (975·1060)'memoriam
985 1953 1193 2023 persecutum,
1214 1945 1346 2026 plurima

243 2041 389 2106 eiusmodi
405 2039 519 2102 inedita
539 2041 717 2119 subiungere
734 2059 781 2100 me
801 2062 889 2122 poete
904 2063 1012 2123 apere,
1034 2045 1141 2124 quibua
1158 2047 1208 2107 vel
1232 2047 1345 2107 atabili.

241 2157 304 2223 tur,
326 2145 375 2206 vel
390 2143 580 2224 emendatur,
601 2143 653 2206 rel
669 2142 786 2205 ratione
799 2143 964 2229 multiplici
978 2145 1179 2228 amplificatur
1193 2147 1256 2210 eiua
1270 2169 1344 2210 nar-

241 2249 332 2318 ratio.
399 2337 401 2351 Ι

318 2417 400 2482 xlv.
421 2415 541 2479 Atenim
556 2437 618 2477 non
635 2437 683 2478 me
696 2417 836 2497 fugiebat,
850 2417 939 2480 etiam
951 2429 987 2482 ut
1000 2420 1151 2482 cumulata
1162 2410 1263 2482 efficio
1275 2441 1342 2484 mec

240 2521 301 2584 hec
315 2521 430 2604 duplici
445 2519 567 2580 nemine
582 2518 799 2608 eatielaeerem,
823 2531 924 2584 tamen
939 2524 1004 2584 sore
1015 2533 1050 2584 nt
1063 2523 1107 2585 eic
1121 2543 1219 2604 neque
1234 2523 1274 2584 ad
1287 2523 1342 2584 lit·
1414 2530 1418 2536 '

238 2634 373 2686 terarum
393 2625 575 2686 Graecarum
591 2647 689 2706 neque
703 2625 742 2684 ed
762 2625 905 2686 hiatoiiee
926 2625 1076 2686 etudioeoa
1089 2625 1132 2688 ita
1157 2627 1269 2686 multon
1283 2627 1343 2686 mei
1416 2703 1421 2708 ι

241 2727 338 2788 officii
357 2721 661 2810 utilitaa'pertineret.
703 2727 794 2805 Nam,
817 2747 886 2788 cum
909 2729 1031 2790 omnino
1048 2729 1082 2790 in
1100 2729 1208 2789 etudiia
1222 2729 1342 2808 noeti-ie,

241 2831 366 2891 Graecia
384 2823 470 2908 dico,
492 2853 555 2892 nen
569 2831 609 2892 ait
620 2831 750 2891 maxilua
763 2830 850 2912 copie
866 2850 970 2892 eorum
984 2831 1036 2911 qui
1044 2879 1053 2908 ,
1075 2831 1124 2892 via
1138 2833 1209 2892 tritu
1226 2832 1341 2906 relicta,

97 2943 129 2997 P.
147 2947 225 3000 xvm
241 2933 400 2994 interiorea
412 2945 585 3008 scrutentur
599 2956 634 2994 ac
649 2933 821 2994 reconditae
835 2931 971 3010 litterae,
993 2943 1058 2992 tum
1075 2954 1147 2994 vero
1161 2955 1198 2994 ex
1213 2933 1250 2994 iia
1268 2933 1343 3014 ipeia

238 3035 388 3117 exquirite
406 3035 504 3096 doctie
519 3047 626 3116 quotue
648 3036 775 3116 quiaque
791 3047 853 3112 eat,
876 3033 929 3115 qni
944 3034 1103 3094 lectionem
1116 3035 1270 3115 scriptoria
1283 3037 1343 3117 By.

237 3139 352 3200 rantini
369 3140 407 3199 ad
422 3139 608 3200 aubtiliorem
622 3138 822 3218 cognitionem
834 3136 953 3215 linguae
967 3137 1126 3217 quicquam
1137 3139 1273 3197 conferre
1287 3159 1343 3218 pu-

238 3243 307 3303 tet‘l
333 3241 478 3303 Historici
499 3252 599 3302 autem
619 3240 754 3300 hominen
769 3259 863 3321 paene
878 3259 980 3298 omnen
997 3239 1045 3300 vel
1062 3239 1101 3298 nd
1115 3249 1251 3300 veterum
1269 3241 1343 3300 illo-

237 3365 306 3406 rum
327 3365 450 3426 prorane
470 3345 663 3424 antiquorum
682 3339 816 3403 divinam
834 3340 1024 3418 memoriam,
1051 3341 1101 3402 val
1121 3343 1222 3402 adres
1238 3353 1342 3404 noetra

236 3457 418 3528 patrumque
441 3445 583 3506 memoria
606 3455 658 3504 aut
673 3447 813 3506 aubtiliua
833 3455 863 3505 et
880 3444 1095 3524 temperantiae
1117 3454 1169 3504 aut
1184 3436 1342 3524 aplendid'e

237 3570 274 3610 ac
288 3550 467 3610 mirabiliter
482 3557 593 3626 genter,
615 3547 666 3608 vel
683 3557 762 3606 certe
779 3547 818 3606 atl
835 3547 965 3626 origines
980 3548 1163 3628 populorum
1182 3546 1274 3606 hodie
1291 3547 1341 3606 ri-

178 3717 190 3739 ,
237 3653 371 3732 gentium
392 3651 604 3725 illustrandae,
638 3669 709 3708 cura
740 3647 823 3706 omni
851 3649 1010 3728 studioque
1035 3650 1211 3729 rapiuntur:
1241 3649 1341 3730 puuei,

236 3753 321 3834 iique
336 3755 393 3835 ipai
409 3753 536 3814 invitine
550 3760 602 3810 eut
623 3733 826 3826 fastidiosiua,
849 3751 970 3810 annales
987 3750 1147 3810 excutiunt
1160 3753 1341 3812 aeneaceutia

237 3854 358 3938 imperii
386 3875 423 3914 ao
444 3855 567 3916 ruituri.
620 3855 814 3934 Quapropter
837 3873 893 3933 per
912 3862 998 3910 notua
1018 3851 1153 3913 obtinere
1174 3855 1259 3913 volui
1267 3899 1276 3930 ,
1306 3865 1342 3914 ut

237 3959 328 4039 paulo
352 3957 442 4018 latina
463 3979 530 4018 mea
550 3977 641 4038 opera
661 3965 794 4036 pateret,
816 3955 853 4014 ed
876 3975 983 4033 eoaque
999 3954 1071 4014 item
1085 3956 1267 4036 pertineret,
1289 3957 1343 4036 qui

238 4061 394 4122 alieniorea
414 4059 476 4120 nint
495 4079 512 4118 a
531 4061 620 4122 rebue
633 4058 824 4138 Byzantinis:
847 4057 972 4136 ideoque
994 4057 1031 4118 de
1048 4057 1264 4136 aignificetiooc
1279 4079 1343 4118 vo-

238 4183 309 4224 cum
323 4161 461 4223 nondum
478 4162 550 4224 tatia
565 4161 687 4222 definite
699 4165 844 4242 parumve
854 4159 1008 4222 intellectu
1021 4160 1143 4221 uberiua
1154 4161 1266 4242 paaeirn
1277 4161 1343 4220 die-

237 4265 344 4350 pntavi
361 4264 395 4326 in
416 4263 497 4328 uotia
518 4275 549 4327 et
562 4264 670 4327 iueina.
704 4263 772 4341 Qua
785 4264 820 4324 in
832 4283 867 4326 ra
886 4263 1005 4346 anapiua
1019 4263 1204 4346 acriptorum
1220 4263 1343 4328 Attico-
