2984 4798
279 345 357 424 σον
443 309 523 428 u.
549 359 597 468 oq.
616 357 818 428 roccum
836 356 1183 431 sonoramouus

280 515 482 599 vituperium,
513 515 675 578 'lbaodosii
700 516 826 578 consilio
853 535 917 577 uon
946 513 1163 577 adversaretur.
1212 515 1262 576 sn
1288 535 1386 575 voca-

280 603 353 664 bulo
377 597 511 684 πόμποος
532 601 781 682 triumphatorem
796 601 958 681 significari
978 602 1105 678 dixeris,
1127 620 1221 680 qaum
1236 599 1291 660 vix
1304 601 1386 658 alius

284 687 441 768 quisquam
470 687 573 766 plures
607 687 883 766 splendidioreaque
913 686 1081 766 triumphos
1115 685 1229 764 eger-itt
1271 685 1387 744 Verum

284 772 432 852 quidquid
454 773 511 848 sit,
538 773 642 848 locus,
670 771 707 832 da
735 793 795 852 quo
819 793 910 852 supra
939 771 1087 846 diximus,
1113 771 1166 830 111.
1185 774 1257 836 209.
1281 773 1386 849 Bousi-

282 879 352 934 τος,
382 855 416 931 ὃς
436 859 493 918 τοῦ
518 858 654 938 scopulos
678 855 774 938 ἔβαψε
795 852 852 937 τὴν
875 853 1024 937 μάχαιραν
1046 855 1080 918 ἐκ
1101 859 1163 917 τῶν
1187 847 1323 935 αἱμάτων
1349 885 1387 898 -

282 961 384 1002 uonna
399 941 554 1002 manifeste
570 942 678 1018 docet,
697 961 773 1002 voce
791 943 924 1020 πομπίος
943 941 1004 999 sive
1018 935 1168 1018 πόμπιος,
1189 958 1228 998 ar
1242 957 1387 1017 quomm-

284 1045 342 1106 que
357 1027 477 1086 tandem
491 1027 573 1086 fonte
588 1026 768 1100 manaverit,
791 1024 1135 1103 Caesaremsignificori,
1157 1045 1175 1082 a
1189 1023 1283 1082 Bruto
1297 1023 1387 1082 occi·

284 1111 372 1170 suml
395 1111 453 1170 Sed
470 1121 605 1190 superest
625 1111 731 1170 tertius
748 1111 780 1170 in
802 1110 849 1169 his
871 1111 1049 1171 Acroosibus
1068 1111 1168 1183 locus,
1191 1107 1242 1186 qui
1263 1127 1387 1167 omnem

282 1195 362 1256 hanc
379 1195 416 1255 de
433 1197 555 1255 Caesare
570 1195 741 1276 opinionem
755 1196 875 1255 videtur
891 1206 1032 1254 evertere.
1073 1194 1149 1252 Nam
1162 1193 1213 1252 Ill.
1230 1193 1303 1257 205.
1322 1192 1387 1252 Im-

283 1281 429 1362 peratoris
442 1281 575 1361 potentia
590 1291 620 1340 et
631 1279 792 1360 Nicephori
806 1301 855 1340 res
867 1280 946 1339 bello
961 1290 1058 1358 gestae
1070 1279 1283 1358 praeferuntur
1293 1277 1386 1336 rebus

283 1366 374 1442 gestis
392 1374 422 1424 at
442 1366 591 1444 potentiae
610 1385 796 1425 summorum
811 1365 997 1444 antiquitatis
1014 1364 1166 1440 virorum,
1186 1379 1315 1440 quorum
1335 1381 1387 1420 re-

284 1469 407 1510 censum
419 1449 551 1510 instituit
564 1449 659 1509 hunc:
683 1454 801 1532 Κῦρος,
824 1456 967 1531 Δαρεῖος,
989 1454 1137 1530 Κροῖσος,
1159 1446 1191 1508 οἱ
1202 1439 1389 1526 superexqui-

283 1555 350 1608 ται,
373 1539 538 1614 Καῖσαρ,
559 1531 720 1614 bizanteis,
741 1531 896 1597 Muuadoiv
909 1533 960 1596 καὶ
975 1534 1163 1614 Πομπὶος.
1205 1529 1269 1588 lem
1289 1549 1389 1608 quum

281 1618 317 1677 in
330 1617 378 1678 his
399 1619 497 1678 verbis
513 1621 653 1699 Πομπίος
672 1629 922 1679 commemoretur
937 1639 997 1678 una
1018 1637 1088 1677 cum
1110 1617 1253 1691 Caesare,
1274 1626 1389 1694 sponte

281 1714 423 1782 apparet,
447 1707 590 1782 Πομπίον
612 1723 674 1763 non
699 1704 796 1783 accipi
817 1725 902 1783 posse
924 1725 980 1785 pro
1000 1703 1131 1762 Caesare.
1173 1699 1248 1758 Vide
1272 1709 1389 1774 tammo,

282 1809 371 1868 quam
390 1789 487 1848 alieno
501 1791 569 1848 loco
584 1793 703 1868 Καῖσαρ
721 1799 853 1868 ponatur
866 1791 945 1849 inter
962 1789 1104 1848 Croesum
1120 1794 1151 1844 et
1164 1783 1336 1861 Achillem
1357 1796 1389 1844 et

282 1883 428 1951 quantum
445 1873 618 1935 adversetur
633 1875 733 1934 versui
749 1875 780 1932 in
796 1873 855 1932 hac
870 1874 939 1934 sede
947 1917 957 1948 ,
979 1871 1153 1934 trochaeum
1175 1869 1304 1928 offerens
1328 1891 1388 1950 pro

280 1957 378 2016 iambo
399 1969 451 2017 aut
468 1959 608 2039 spondeo.
651 1959 698 2018 Ob
721 1957 798 2038 duas
814 1959 917 2037 itaque
939 1977 1042 2017 causas
1063 1964 1234 2036 suspectum
1259 1975 1388 2033 nomen,

281 2043 332 2101 cui
353 2043 379 2101 si
394 2043 474 2116 Αἴας
491 2044 695 2120 substituetis,
717 2063 820 2102 omnes
837 2044 907 2142 iljae
926 2043 1117 2102 difficultates
1138 2051 1335 2116 evanescent,
1357 2051 1391 2100 et

280 2127 371 2186 simul
385 2126 525 2188 historiae
539 2129 710 2190 consuletur
724 2137 754 2187 et
764 2148 875 2190 versm.
917 2129 979 2188 Nec
994 2125 1199 2207 improbabilia
1212 2124 1312 2184 videri
1326 2147 1390 2205 po-

281 2219 341 2271 test
362 2213 549 2287 coniectura,
571 2233 647 2292 quae
662 2235 678 2271 a
692 2213 859 2274 litterarum
877 2212 1011 2290 vestigiis
1027 2231 1089 2271 nou
1104 2211 1234 2270 multum
1248 2211 1389 2287 recedit5

279 2297 454 2375 praesertim
476 2318 569 2376 quum
589 2299 622 2359 in
643 2299 771 2374 Codice,
793 2319 831 2358 ex
852 2317 913 2377 quo
933 2298 1041 2356 danae
1057 2297 1216 2367 Acroases,
1236 2314 1390 2356 versuum

279 2380 364 2440 initia
378 2381 515 2459 plurimis
529 2383 563 2441 in
576 2384 652 2443 locis
669 2385 711 2442 ita
730 2383 790 2443 sint
802 2382 927 2442 evanida
945 2392 975 2442 et
990 2381 1133 2456 obscura,
1154 2389 1188 2440 ut
1209 2380 1282 2458 quid
1302 2381 1384 2440 scri-

280 2473 366 2544 ptum
380 2467 487 2540 suerit,
510 2487 573 2525 non
587 2476 735 2547 appareat.
777 2467 838 2526 Nec
854 2469 990 2547 profecto
1006 2466 1089 2526 aliud
1104 2485 1213 2524 nomeu
1227 2463 1302 2523 huic
1317 2466 1388 2524 sedi

280 2550 532 2608 accommodatius
545 2552 671 2632 reperiri
685 2552 805 2630 poterit.
847 2553 947 2611 atacis
962 2551 1040 2611 enim
1057 2571 1167 2610 nomen
1180 2559 1210 2608 et
1223 2550 1294 2608 alibi
1311 2570 1389 2610 cum

280 2631 399 2692 Achilla
421 2633 572 2711 iungitur,
601 2645 648 2712 et,
676 2636 758 2714 quod
778 2636 817 2695 od
828 2647 964 2696 nostrum
980 2635 1131 2714 riegotium
1146 2635 1234 2693 unica
1248 2635 1344 2709 facit,
1366 2657 1388 2694 a

277 2715 445 2776 'Iheodosio
460 2719 527 2798 ipso
542 2719 565 2782 l.
577 2723 628 2785 37.
656 2721 748 2796 Aine,
769 2713 931 2801 Ἀχιλλειῗς,
950 2715 1119 2794 Ὀδυσσεύς.
1147 2717 1387 2798 Siquistamau
1476 2727 1477 2730 ’

278 2807 375 2860 totam
392 2799 470 2862 hano
487 2803 525 2863 de
541 2805 688 2864 vocabulo
710 2809 843 2884 πομπὶος
857 2828 881 2866 s.
896 2801 1025 2886 πόμπιος
1040 2804 1273 2884 disputationem
1287 2805 1387 2864 nimis
1476 2817 1477 2832 ³

277 2884 426 2945 lubricam
438 2907 500 2948 essa
516 2887 636 2967 dixerit,
658 2909 721 2949 nou
736 2891 866 2950 multum
880 2891 1053 2969 refragabat
1066 2889 1214 2969 equidem,
1234 2889 1386 2966 gratiam-

278 2989 337 3050 que
356 2969 486 3049 habebo,
508 2973 535 3033 si
550 2974 617 3052 quis
631 2974 837 3053 difficultates,
859 2977 1052 3055 quaeinsunt
1071 2995 1141 3034 oum
1156 2975 1190 3032 in
1204 2975 1298 3034 lorma
1320 2995 1384 3034 no-

277 3055 367 3114 minis
381 3058 520 3137 Πομπίος
539 3078 596 3138 pro
613 3055 776 3141 Πομπήϊος
790 3061 921 3142 accepti,
942 3071 1010 3120 tum
1027 3061 1062 3120 iu
1075 3059 1218 3137 historia,
1239 3059 1385 3122 facinora

272 3139 393 3200 ratione
406 3142 541 3204 solverit.
566 3145 599 3202 F.
614 3143 651 3224 1.]

361 3229 411 3292 19.
433 3222 481 3288 ἵν’
499 3225 533 3289 δὲ
549 3233 670 3292 κτυπῶν
690 3222 826 3311 Ὅμηρε]
854 3227 1039 3290 Theodosius
1060 3229 1224 3290 Homerum
1246 3227 1381 3307 incusat,

276 3309 359 3388 quod
372 3309 403 3368 io
417 3310 510 3370 Iliade
522 3313 621 3372 omnia
635 3334 690 3394 pro
704 3314 801 3374 lubitu
814 3334 869 3373 suo
885 3316 1080 3390 confluxerit,
1102 3314 1237 3392 nihilque
1253 3315 1290 3372 de
1303 3335 1380 3374 vera

274 3391 381 3454 Troiae
407 3394 533 3458 historia
558 3397 721 3478 scripserit.
764 3399 920 3460 Obiecerat
939 3400 1001 3461 ,hoo
1023 3399 1152 3460 Homero
1178 3399 1292 3458 crimen
1314 3399 1380 3460 ism

274 3487 361 3538 antea
376 3479 430 3539 uio
444 3480 672 3562 chrysostomus
687 3485 769 3546 Orat.
784 3484 839 3561 XI,
861 3505 949 3565 quam
961 3495 1056 3545 totam
1070 3485 1108 3544 ad
1121 3485 1283 3544 Homerum
1293 3503 1379 3544 cou-

272 3563 446 3624 vicisndum
470 3568 680 3646 concinnavit,
709 3568 759 3627 ubi
782 3568 861 3630 inter
886 3581 984 3631 cetero
1000 3574 1095 3633 sarira
1117 3569 1150 3632 di
1172 3592 1224 3647 μοι
1246 3569 1376 3651 εἴρηται,

272 3645 373 3727 inquit
394 3669 460 3728 pag·
477 3655 554 3726 1⁵7,
580 3647 679 3732 ὥσπερ
700 3650 761 3755 ἤδη
780 3653 874 3734 ἔφην,
902 3651 941 3718 ou’
958 3655 1138 3760 aurnyoqioc
1156 3653 1275 3730 ἕνεκεν,
1301 3647 1377 3716 du’

272 3726 318 3796 dn
333 3727 539 3815 ἅνδρειόοοτος
553 3727 594 3817 ἦν
609 3732 784 3818 ἄνθρωπον
802 3735 878 3820 πρός
892 3737 927 3803 sd
948 3743 1064 3820 ψεῦδος
1091 3743 1228 3821 Ομηρος·
1249 3736 1302 3800 sal
1316 3733 1374 3817 οὔχ

269 3813 369 3896 ἥττων
395 3814 520 3901 &aiddu
541 3821 592 3883 sul
613 3817 789 3904 ἐσεμνύνετο
810 3821 859 3886 ἐπὶ
878 3829 923 3910 τῷ
948 3819 1122 3905 ψεύδεσθαι
1141 3819 1164 3903 ἢ
1185 3827 1228 3905 τῷ
1249 3817 1374 3902 τάληθῆ

269 3900 383 3983 λέγειν·
405 3899 484 3968 oiiros
502 3901 559 3987 yoip
572 3913 738 3970 σκοποῦσιν
753 3901 850 3971 otidis
869 3909 911 3971 ἔτι
928 3913 1073 3990 φαίνηται
1085 3903 1274 3990 παράδοξον,
1296 3901 1373 3970 ou’dd

267 3983 412 4088 dmsprou,
431 3992 492 4051 cois
507 3984 566 4052 ὕπ’
582 3990 658 4072 ἐμοῦ
673 3992 890 4071 δεικνυμένων·
913 3989 986 4058 ἀλλὰ
1001 3991 1109 4076 σμικροὶ
1123 3991 1176 4056 val
1189 3986 1371 4073 ἀνθρώπων

266 4084 428 4152 apocopum
444 4069 520 4156 πρὸς
534 4081 607 4138 θεῖα
627 4076 680 4140 καὶ
699 4071 822 4159 μεγάλα.
864 4081 962 4138 Porro
984 4080 1059 4140 liaeo
1078 4103 1099 4138 a
1116 4099 1162 4136 me
1178 4075 1263 4136 dicta
1283 4087 1366 4150 suat,

265 4155 519 4237 quemadmodum
532 4159 608 4237 dixi,
630 4184 693 4222 non
705 4162 874 4222 accusandi
884 4167 1004 4244 gratia,
1024 4163 1079 4222 aad
1089 4159 1261 4233 indicandi,
1282 4157 1371 4242 quod

264 4240 496 4302 audacissimus
520 4245 680 4306 hominum
697 4251 795 4321 fuerit
816 4247 862 4307 ad
878 4249 1038 4310 rnendacia
1050 4252 1225 4309 Homerus:
1254 4259 1283 4306 st
1301 4267 1364 4306 nats

262 4331 366 4390 minua
390 4329 542 4411 confidens
562 4344 591 4392 et
617 4331 825 4394 iactabundus
846 4337 880 4394 in
898 4333 1067 4396 mendaciis
1086 4331 1240 4408 dicendis,
1268 4351 1364 4414 quous
