3038 4796
257 327 334 410 378
380 375 383 384 ·
448 329 684 408 EXCERPTA
704 331 766 402 EX
787 331 956 402 HISTOR.
978 329 1167 402 ARABUM
1196 319 1215 332 ”

258 513 362 587 pterea
383 499 466 582 quod
485 496 613 557 Romani
631 515 735 556 omnen
756 501 895 574 angustos
916 492 1016 552 exitur
1034 493 1273 574 interceperant,
1296 513 1365 556 eum

261 612 323 675 100
336 615 454 666 tantum
468 621 508 662 ex
518 599 612 660 eervie
625 599 686 658 anis
702 599 805 661 evasit
847 595 992 677 Reliquos
1003 594 1131 656 Romani
1151 597 1263 677 partim
1278 599 1365 657 occi-

259 709 384 785 derunt,
405 705 517 789 partim
527 704 647 764 vinctos
661 721 728 764 cum
740 701 851 784 praeda
864 708 1037 780 recuperata
1048 698 1244 776 reduxenrnt,
1261 700 1367 761 mutue

259 811 385 893 insuper
400 810 497 892 equus,
520 804 611 866 armie
626 813 656 864 et
673 805 790 882 numia,
813 805 867 885 qui
882 799 1121 884 Sipboddaulae,
1141 801 1200 861 filii
1215 802 1366 862 Hamdani

257 914 391 990 suunt,
420 909 522 993 poan.
570 907 740 986 Nobilium,
768 909 822 988 qur
843 893 913 968 cu'm
934 923 970 964 ω
992 901 1252 989 (defleverant),
1274 905 1367 966 simut

258 1015 354 1078 occini
373 1023 444 1075 eunt
451 1058 461 1092 ,
481 1011 597 1074 named
604 1056 614 1091 ,
635 1010 716 1071 filiun
733 1009 872 1091 Namuei,
898 1009 1034 1072 Muauaie
1054 1009 1139 1070 Chen
1152 1017 1182 1069 et
1194 1007 1268 1068 Cadi
1279 1007 1365 1070 Abu-

258 1117 382 1182 Horain.

341 1220 430 1281 Anno
439 1217 504 1284 350
518 1215 650 1278 Arabum
666 1237 772 1296 magpe
784 1215 913 1276 Arabum
927 1223 1054 1292 caterva,
1067 1212 1230 1276 Antiochia
1237 1215 1363 1276 Tarauna

257 1325 409 1407 profecta,
431 1321 465 1380 iu
478 1292 686 1380 Romanorum
691 1315 815 1378 insidiae
830 1317 955 1396 incidit,
978 1317 1030 1396 qui
1044 1335 1082 1375 ex
1095 1316 1133 1375 iia
1149 1317 1265 1398 aliquos
1280 1315 1362 1375 occi-

258 1427 386 1500 derunt,
406 1412 539 1502 reliquos
553 1441 688 1500 magnam
701 1421 821 1480 turbam
833 1419 954 1480 vinctor
969 1419 1167 1482 abduxerunt.
1210 1418 1363 1497 Indignati

257 1537 330 1590 eunt
351 1526 480 1602 Arabes,
504 1523 629 1604 ideoque
652 1541 757 1583 servus
773 1520 1014 1604 Siphoddaulae,
1036 1520 1135 1601 Nega,
1153 1521 1324 1602 irruptione
1343 1541 1363 1580 a

144 1630 148 1656 ¹
255 1631 349 1691 latere
368 1628 552 1710 Miphractae
563 1627 597 1685 in
612 1627 816 1685 Romanorum
835 1626 988 1705 regionem
1002 1627 1102 1704 facta,
1124 1643 1260 1703 magnam
1274 1641 1363 1703 prae·

257 1733 326 1795 dum
341 1753 411 1792 cum
424 1735 509 1799 2000
523 1728 689 1806 homiuum,
714 1729 791 1788 etin
803 1727 850 1788 hie
864 1731 906 1796 50
921 1729 1034 1790 catenis
1050 1729 1180 1790 vinctos
1185 1725 1316 1788 abduxit.

283 1843 287 1850 '
307 1905 313 1912 ἱ
333 1835 422 1896 drino
433 1835 616 1894 Graecorum
628 1835 722 1908 12745
738 1831 866 1892 trabum
875 1835 950 1912 351,
965 1832 1154 1916 Nicephorum
1166 1827 1361 1908 domesticus,

258 1959 327 2000 cum
343 1943 478 2014 100‚000
493 1935 627 2016 equitum
640 1933 674 1993 in
691 1933 828 1994 Ciliciam
843 1938 1016 2016 profectae,
1038 1935 1226 1998 Anazarbeni
1244 1931 1362 1994 obsedit

256 2041 402 2123 gravique
415 2037 643 2115 honoremve,
667 2036 763 2096 donec
778 2037 831 2117 qui
840 2038 923 2100 i'ntue
938 2049 1024 2100 erant
1037 2040 1169 2117 Arabes,
1192 2038 1230 2098 de
1245 2035 1361 2097 auxilio

256 2147 465 2226 desperantes,
485 2142 577 2224 pacti,
599 2139 670 2202 utai
688 2159 789 2200 arcem
799 2140 970 2222 traderent,
990 2142 1158 2203 incolumen
1173 2161 1243 2204 cum
1259 2139 1363 2201 sacul-

254 2249 369 2311 tatibue
390 2247 526 2324 exirent,
553 2245 613 2306 fide
634 2265 652 2303 a
670 2243 840 2326 Nicephoro
861 2255 985 2326 accepta
992 2290 1002 2322 ‚
1025 2245 1157 2306 maxime
1174 2242 1257 2326 quod
1269 2243 1361 2304 vide-

254 2361 339 2430 rent,
368 2349 468 2410 hoetee
490 2370 508 2407 a
529 2347 641 2408 montio
660 2346 754 2408 latere
772 2367 893 2408 murum
915 2348 999 2410 brevi
1017 2357 1230 2430 perruptum,
1257 2356 1362 2428 portae

254 2461 445 2535 aperuerunt.
487 2449 706 2532 Nicephorum,
735 2469 829 2529 quum
849 2450 999 2531 ingressus
1016 2452 1161 2531 vidisset,
1182 2471 1291 2533 parum
1304 2450 1361 2510 ab·

252 2555 363 2631 suinae,
394 2553 468 2633 quin
486 2553 578 2630 gladii
592 2571 649 2633 ope
667 2552 731 2612 eine
742 2553 878 2613 molestia
892 2555 1022 2636 aperiret
1044 2550 1188 2638 (urbem),
1209 2553 1362 2635 poenituit

251 2657 444 2741 promiscum.
476 2655 582 2737 Itaque
592 2656 697 2733 edixit,
714 2665 749 2716 ut
762 2656 795 2715 in
806 2657 971 2717 oratorium
987 2658 1134 2738 templum
1147 2657 1245 2716 omnia
1256 2675 1360 2737 popu-

255 2761 303 2822 lua
327 2769 556 2840 congregaretur
578 2769 609 2820 et
628 2759 799 2840 quicunque
819 2779 883 2822 non
905 2758 1062 2837 introiret,
1085 2760 1231 2839 sanguine
1245 2777 1359 2842 poenae

254 2863 362 2924 lueret.
405 2861 580 2942 Insequenti
595 2861 643 2922 die
653 2859 770 2944 pedites
786 2883 873 2922 mane
886 2861 922 2922 in
936 2863 1041 2923 urbem
1055 2859 1229 2940 intromissi,
1252 2882 1359 2943 quem·

255 2986 375 3047 cunque
389 2965 580 3044 invenerunt,
600 2965 698 3044 urea,
721 2963 861 3025 mulieres
877 2973 907 3024 et
919 2983 1036 3045 pueroa,
1056 2965 1260 3032 trucidarunt.
1282 2963 1360 3026 Tum

256 3066 442 3151 comportari
455 3087 538 3128 arma
550 3067 584 3128 in
597 3067 672 3128 urbe
688 3076 801 3148 coepta.
841 3066 967 3128 Inventa
981 3077 1053 3129 aunt
1064 3067 1181 3146 40,000
1195 3069 1360 3131 loricarum

254 3181 374 3256 praeter
383 3170 498 3251 gladios
513 3179 544 3230 et
556 3191 679 3230 arcuum
688 3191 829 3249 magnum
841 3189 1011 3232 nnmerum.
1032 3173 1204 3233 Palmamm
1217 3172 1358 3234 arborum

255 3276 371 3353 40,000
386 3266 595 3337 suecisa‘sunt.
636 3273 728 3335 Exire
741 3273 850 3334 deinde
862 3293 979 3354 omnea,
1001 3275 1054 3354 qui
1070 3276 1106 3336 in
1125 3275 1239 3356 templo
1262 3284 1358 3352 mant,

254 3379 352 3454 iuaeit,
374 3385 404 3436 et
418 3396 561 3456 quereum
578 3377 707 3456 vellent,
729 3377 811 3437 abire
820 3423 829 3454 ‚
851 3386 979 3438 mortem
993 3378 1124 3438 minatur
1138 3379 1288 3456 omnibus,
1304 3377 1358 3460 qui

254 3481 295 3542 ad
309 3499 467 3561 vesperam
480 3489 679 3542 remanerent.
728 3480 880 3542 Exeuntee
903 3479 976 3542 adeo
997 3501 1029 3542 ue
1045 3489 1301 3562 compresserunt,
1323 3489 1358 3540 ut

251 3583 342 3644 multi
364 3603 483 3660 eorum,
505 3581 581 3660 viri,
602 3581 743 3644 mutereo
766 3592 797 3644 et
810 3582 898 3644 liberi
916 3602 951 3644 ea
972 3585 1191 3666 compreaeione
1210 3583 1356 3667 perirent.

245 3685 342 3748 uului
363 3686 397 3746 in
417 3685 468 3747 via
488 3687 601 3746 mortui
621 3695 700 3750 eunt.
752 3685 814 3760 Qui
836 3695 937 3746 autem
957 3696 1183 3766 remanserunt,
1212 3705 1356 3770 quereum

250 3789 425 3866 tenderent,
447 3785 633 3866 ignorabant.
671 3787 863 3872 Nicephorua
877 3789 1023 3870 templum
1037 3790 1145 3850 evertit
1164 3798 1194 3850 et
1210 3789 1287 3850 duos
1299 3809 1356 3849 ur-

249 3889 295 3952 b'ie
319 3913 423 3956 muros
438 3911 497 3952 neo
519 3910 582 3950 non
604 3891 688 3952 aulae
708 3891 867 3958 destruxit.
911 3893 1035 3954 Duobus
1054 3903 1084 3954 et
1106 3891 1217 3973 viginti
1240 3891 1354 3969 diebus,

250 3993 360 4076 quibua
378 3995 413 4056 in
433 3993 537 4054 Cilicia
562 4003 763 4058 commoratua
781 4005 864 4076 erat,
878 3995 1083 4080 .Nicephorua
1099 3997 1141 4064 55
1163 4013 1248 4084 poet
1265 3993 1353 4074 eupit,

248 4097 361 4178 partim
374 4097 421 4177 vi,
442 4098 554 4178 partim
568 4097 728 4166 deditione.
772 4099 873 4176 Quum
889 4120 1007 4162 exerce
1023 4099 1166 4182 quadem,
1188 4119 1279 4180 quem
1296 4095 1355 4158 do-

249 4200 324 4260 mini
341 4200 405 4261 eiua
417 4199 477 4261 fide
489 4209 613 4284 accepta
625 4202 829 4282 tradiderant,
850 4201 991 4266 mlieres
1006 4204 1117 4265 habea
1132 4201 1354 4284 egrederentur,

248 4301 327 4366 etin
340 4301 393 4366 baa
410 4301 533 4370 Armeni
551 4303 675 4388 quddam
689 4304 858 4392 mamert,
880 4306 984 4372 mariti
1003 4327 1106 4372 earum
1124 4307 1195 4374 uelo
1212 4301 1351 4389 conepti,
