2994 4796
386 377 430 446 IN
451 375 607 444 LEONlS
629 375 812 446 DlACONl
832 376 910 444 LIB.
930 377 971 443 X.
1151 369 1226 442 489

123 539 272 617 franceis
281 555 345 614 por
358 535 392 595 F.
405 535 540 610 Martis,
560 533 594 593 in
607 535 755 614 Magasin
768 492 1042 614 Eue-selopbdiqne,
1064 487 1229 616 Septembre

131 627 224 687 1811.
260 621 333 678 Cum
358 620 490 680 annalib.
511 619 658 680 Armeniis
684 621 795 698 egregie
819 623 967 680 consentit
996 620 1228 706 Abulpherejius

129 705 208 766 Hist.
224 706 348 783 Dynoat.
365 706 438 771 315:
463 705 496 763 B.
517 704 569 783 qui
593 707 742 766 Romanos
768 705 804 764 eb
826 705 893 784 ipso
915 705 1085 764 llomestico
1110 707 1227 782 ductes,

131 791 392 868 Domesticumque
411 799 531 868 ceptum
547 809 609 848 esse
622 789 732 850 scribit.
775 789 823 849 ld
840 811 949 850 annum
968 799 1139 869 sequentem
1154 797 1227 858 978.
1327 796 1331 808 ’

131 873 285 955 pertinent
301 873 451 952 expeditio
467 873 679 953 Mesopotamia
692 875 854 934 Tsimiscao
874 877 952 958 (Leo
968 880 1019 941 99.
1034 873 1088 956 C.)
1109 875 1228 953 Basilii-

133 979 192 1038 que
208 957 397 1019 Petrierchee
423 958 588 1038 depositio,
610 959 720 1038 deque
735 965 805 1026 100.
827 961 863 1019 Β.
887 959 925 1018 sd
947 979 1060 1019 annum
1080 963 1152 1026 974.
1173 979 1229 1020 ex-

131 1043 252 1124 peditio
264 1044 298 1103 in
315 1043 447 1122 Syrium,
471 1053 502 1102 et
522 1053 652 1104 cornetae
674 1054 758 1104 ortus
779 1043 860 1126 (vide
877 1044 947 1112 104.
960 1043 1010 1123 Α).
1053 1045 1229 1105 Tzimiseem

134 1128 397 1208 Constantinopoli
414 1127 521 1187 obiisse
534 1129 582 1188 die
595 1150 625 1189 x.
640 1129 771 1189 Ianuarii
784 1152 810 1188 a.
824 1129 974 1208 sequdntis
989 1129 1061 1197 975.
1075 1150 1114 1190 ex
1127 1131 1229 1190 Leone

134 1213 266 1272 dilucide
280 1214 465 1274 demonstrat
478 1213 583 1292 Pegius
603 1215 704 1276 Critic.
719 1214 770 1275 lV.
787 1218 838 1280 37.
853 1216 889 1276 Α.

217 1301 297 1378 Pag.
320 1303 391 1365 162.
413 1299 467 1356 lin.
488 1305 519 1364 2.
541 1301 760 1378 χρυσοστίκτοις
779 1294 978 1379 ὑφάσμασιν]
1000 1292 1259 1382 “ΧρυσόστικτοςΒ

134 1401 198 1441 non
212 1393 257 1442 est
269 1385 299 1442 in
310 1381 446 1443 Lexieias
467 1383 527 1442 Leo
545 1385 668 1444 sortasse
679 1384 769 1444 habet
789 1405 827 1444 ex
852 1387 881 1447 S.
899 1384 1047 1443 Clemente
1063 1384 1226 1444 Alexandr.

133 1465 259 1545 Paedug.
274 1473 346 1533 160.
361 1469 394 1528 B.
407 1462 609 1549 χρυσὸστικτοί
624 1493 656 1532 τε
669 1469 722 1532 καὶ
741 1463 871 1549 χελώνης
887 1468 926 1548 [f.
939 1462 1100 1548 χελώναις]
1123 1491 1232 1533 πεποι-

5 1611 7 1638 5
134 1551 270 1632 κιλμέναι
284 1553 388 1632 κοίτης
403 1547 563 1626 κλισιάδες.
598 1550 820 1636 Χρυσοστιγὴς,
842 1575 933 1631 oeque
952 1553 1067 1614 Lexieis
1085 1553 1231 1634 ignotum,

134 1635 246 1714 legitur
262 1637 343 1717 apud
360 1639 388 1698 S.
401 1636 510 1718 Epiph.
525 1639 568 1698 De
586 1639 745 1698 duedecim
757 1659 862 1716 gemm.
876 1639 914 1697 Il.
929 1645 1001 1704 227.
1015 1640 1047 1698 C.

221 1721 300 1782 reid.
323 1721 377 1783 lin.
401 1721 452 1789 24.
475 1717 549 1802 μήτε
569 1718 652 1806 ὕδωρ
674 1718 898 1806 βλυστᾶνουσα]
920 1723 1050 1783 Verbum
1067 1717 1233 1804 diversitos,

136 1808 171 1868 in
186 1806 304 1866 Lexieis
323 1805 396 1866 item
420 1809 678 1887 praetermissum,
701 1808 834 1868 occurrit
844 1808 878 1868 in
894 1810 923 1867 S.
942 1807 1061 1867 Ioannis
1081 1807 1232 1888 Chryaoat.

137 1891 201 1974 (eni
216 1901 296 1952 certe
307 1893 399 1971 vulgi>
413 1889 574 1972 tribuitur)
589 1896 671 1954 Orat.
684 1915 728 1962 ev.
741 1895 784 1954 De
796 1893 889 1954 ieinn.
904 1892 954 1953 Vl.
969 1894 1041 1960 985.
1054 1897 1104 1960 28.
1121 1891 1233 1972 phrasi,

4 2039 5 2052 ¹
135 1977 219 2038 unde
238 1979 364 2037 fortasse
382 1977 441 2036 Leo
463 1977 584 2038 sumsit:
605 1981 650 2042 At
669 1973 873 2042 seio‘aideiroev
893 1977 1001 2059 πηγαὶ,
1021 1971 1231 2058 eivslov'pevus,

4 2063 6 2154 j
134 2056 350 2145 καθαρώτερον
366 2059 400 2125 τὸ
414 2057 499 2144 ὕδωρ
515 2058 743 2144 βλνστάνουσιν.
784 2065 860 2124 Nem
874 2083 1031 2143 perperam
1046 2064 1143 2139 legere
1156 2084 1232 2123 non-

135 2147 213 2206 nulli
237 2148 346 2207 volunt
370 2141 538 2227 βλόζουσιν.
580 2149 655 2208 ltem
676 2149 759 2212 orat
781 2149 815 2208 in
832 2157 945 2211 turtur.
963 2148 1027 2207 Vll.
1041 2145 1113 2213 266.
1131 2149 1181 2216 14·
1199 2147 1233 2210 lv

4 2293 5 2310 ¹
135 2230 216 2316 pleps
228 2235 282 2312 τῆς
294 2233 420 2314 καρδίας
433 2228 607 2313 βλνστᾶνων
620 2230 795 2314 φιλόχριστα
811 2229 939 2314 νάματα.
962 2231 1234 2312 hivenipreeterea

4 2311 6 2326 '
135 2317 352 2378 substantivum
365 2337 512 2397 peraeque
526 2319 643 2378 Lexieis
655 2319 801 2396 ignotum,
823 2317 846 2400 ἡ
865 2312 970 2398 diriore
983 2321 1037 2396 τῆς
1049 2319 1135 2398 ζωῆς,
1153 2319 1233 2394 sone

134 2406 234 2480 vilae,
261 2402 295 2462 in
314 2401 534 2483 Theophylaeti
560 2403 714 2482 Bulgerise
731 2401 909 2486 archiepisc.
930 2404 1095 2462 comment.
1121 2403 1235 2462 inedito

2 2555 5 2587 Ι
134 2489 169 2548 in
187 2489 295 2548 Psalm.
317 2489 356 2548 sd
372 2489 477 2561 verbs,
500 2486 581 2571 nupsi
604 2489 653 2554 eol
670 2485 753 2570 πηγή
775 2491 867 2570 ζωῆς,
890 2489 989 2549 Psalm
1009 2509 1119 2549 xxxvr.
1133 2493 1163 2555 9.
1180 2487 1262 2548 velo

136 2573 208 2656 (elii
230 2573 310 2634 enim
334 2573 421 2633 uliter
441 2573 621 2656 numerant)
642 2595 741 2635 xxxv.
767 2580 815 2640 10.
850 2573 989 2636 sves-bo
1013 2567 1112 2654 βλύζω
1127 2573 1237 2634 deduci

3 2727 4 2752 ¹
97 2707 106 2726 .
136 2652 279 2738 βλύδιον,
302 2659 369 2734 ius,
392 2669 482 2738 etque
501 2660 573 2720 inde
592 2659 734 2720 brodium
751 2660 940 2738 Latinorum,
965 2659 1128 2719 Salmasius
1144 2668 1235 2718 entu·
1355 2723 1358 2735 ι

2 2814 4 2845 A
134 2750 199 2800 mat
213 2743 251 2800 ad
265 2741 343 2804 Hist.
357 2743 432 2820 Aug.
446 2746 517 2810 412.
531 2746 564 2809 Α.
606 2746 666 2806 Ubi
677 2747 737 2806 Leo
753 2741 918 2824 divertire),
939 2744 983 2804 ibi
995 2743 1135 2822 Agathini
1149 2763 1236 2804 usur-

137 2819 382 2905 puto’velllaigot,
405 2833 476 2894 126.
491 2830 523 2888 Β.

221 2911 303 2986 Pag·
325 2913 396 2975 168.
417 2913 472 2973 lin·
493 2917 521 2978 9.
548 2917 717 2994 Τηνικαῦτα
730 2912 798 2991 sol]
821 2911 905 2988 Quae
927 2923 1094 2993 sequuntur
1111 2934 1128 2972 a
1144 2914 1236 2974 Com-

138 2993 243 3054 belisio
262 3013 349 3054 verse
365 3005 436 3054 sunt
450 2995 499 3055 tv.
520 3000 580 3064 37.-

223 3076 302 3140 Jbisl.
325 3079 380 3141 lin.
396 3087 453 3148 ’22
474 3076 640 3167 καὶταύτῃ
663 3077 705 3163 μὴ
726 3073 959 3160 α’πεκὸυόμενος]
982 3081 1032 3139 Sic
1046 3101 1113 3142 eum
1132 3081 1235 3140 dativo

140 3164 290 3226 construit
307 3165 381 3238 Leo,
402 3165 479 3226 mire
493 3185 577 3226 saue:
600 3166 769 3226 accusativo
785 3165 914 3243 iungunt
928 3168 958 3224 S.
975 3166 1086 3226 Paulus
1101 3167 1236 3244 Epistola

140 3251 180 3311 ml
199 3251 310 3310 Coloas.
334 3249 437 3318 11.15.
456 3250 507 3314 lll.
523 3257 552 3318 9.
578 3251 725 3332 Iosephus
739 3249 840 3328 Antiq.
855 3249 920 3312 lud.
935 3253 1007 3317 204.
1025 3251 1061 3310 D.
1075 3253 1104 3310 S.
1118 3252 1236 3328 Grego-

139 3335 203 3397 rius
216 3335 301 3416 Nyss.
315 3337 360 3394 De
373 3335 505 3414 virginit.
519 3337 555 3396 ll.
574 3339 645 3405 583.
659 3339 692 3396 ll.
706 3339 734 3398 S.
746 3335 873 3396 Basilius
886 3335 982 3416 Epist.
993 3355 1112 3395 uun.
1127 3336 1166 3394 ad
1180 3336 1237 3394 Pe·

139 3419 306 3501 trophilum
326 3421 362 3482 11.
389 3425 462 3489 908.
480 3422 512 3480 C.
532 3423 673 3502 Origenes
688 3420 819 3482 Humilia
839 3440 883 3482 11.
896 3420 929 3478 in
941 3420 1044 3481 lerem.
1058 3425 1128 3486 106.
1147 3421 1181 3480 Β.
1193 3420 1237 3480 lle

139 3505 172 3566 ri
187 3515 218 3564 et
231 3505 456 3566 construetione
471 3508 555 3568 verbi
577 3509 671 3568 mults
690 3506 810 3584 collegit
820 3506 869 3566 vir
881 3506 1061 3571 reverendus
1068 3505 1172 3566 loeun.
1184 3506 1235 3568 Fr.

11 3661 15 3670 ³
141 3588 353 3650 Sehleuanerua
373 3591 482 3652 Lexico
495 3592 529 3654 in
544 3593 618 3657 Nor.
633 3592 747 3656 Testt
770 3591 841 3658 265.
856 3591 888 3654 C.

224 3677 306 3753 Pag·
330 3675 401 3740 164.
423 3677 478 3736 lin.
500 3681 531 3744 3.
553 3674 606 3751 sole
633 3671 792 3760 oivoyoyole
810 3674 863 3739 sel
886 3669 1080 3758 α’ναστροφᾶς
1097 3677 1159 3738 τῶν
1179 3667 1238 3737 elv-

141 3758 234 3840 esee]
248 3761 278 3818 Si
291 3768 444 3837 utcunque
457 3755 599 3847 donyuyrl
610 3763 688 3822 tueri
699 3763 783 3838 velis,
796 3761 913 3837 melius,
927 3761 1043 3839 opinor,
1056 3759 1159 3820 luisset
1167 3779 1239 3822 ver-

140 3854 204 3905 tere
211 3887 220 3920 ‚
240 3846 275 3902 in
288 3842 463 3924 disciplinis
476 3859 503 3906 et
519 3847 815 3909 conversationibus:
837 3867 908 3908 nem
928 3837 1071 3927 dvspuyal
1086 3844 1240 3904 interdum

141 3947 199 4009 pro
207 3925 374 4007 disciplina
385 3932 463 3990 sumi
474 3941 581 3992 notum
595 3942 649 4009 eal,
657 3925 828 4015 ἆναγωγεύς
839 3954 895 4014 pro
910 3930 1041 4006 eductor,
1055 3929 1241 3990 sensuetium

140 4011 285 4093 physico,
304 4015 360 4093 qui
374 4033 497 4076 sursum
513 4019 604 4080 tollit.
647 4017 846 4078 Nihilominus
864 4016 965 4078 malim
984 4015 1080 4094 legere
1093 4009 1147 4090 τὰς
1159 4007 1236 4095 dyos-

141 4093 207 4180 pdc,
220 4099 402 4178 rationibus,
415 4103 585 4162 institutis:
607 4101 667 4162 hoc
679 4103 758 4164 enim
771 4105 872 4166 velere
888 4097 1001 4185 α’γωγή,
1016 4099 1134 4180 seriptt.
1150 4099 1266 4160 chri-11

143 4182 247 4243 stisnis
271 4183 391 4262 copiose
413 4186 523 4246 docent
540 4187 622 4269 apud
645 4188 757 4252 Snieer.
773 4189 916 4250 Thesnur.
931 4187 1044 4248 Eceles.
1058 4185 1081 4244 l.
1099 4191 1150 4252 72.
1166 4185 1201 4244 D·
1213 4192 1245 4242 el

144 4266 331 4340 schleusner.
350 4269 420 4332 Lex.
441 4272 475 4331 in
495 4271 572 4334 Nor.
593 4273 671 4332 Test.
685 4274 708 4332 1.
722 4279 775 4342 38.
793 4277 827 4336 Β.
841 4283 980 4352 congestu
994 4271 1146 4351 exemplo,
1170 4285 1244 4348 queo

10 4357 19 4370 '
144 4353 234 4414 senile
250 4363 327 4416 esset
339 4375 445 4436 ungere
459 4357 595 4420 infinite:
619 4359 722 4420 censer
741 4382 818 4442 quse
832 4360 950 4422 erudite
964 4359 1119 4438 disputant
1131 4354 1168 4415 de
1185 4353 1244 4414 hac
