2984 4798
421 360 468 431 tlt
488 353 728 434 THEODOSII
748 353 984 428 ACROASES.
1170 349 1249 428 561Ι

148 543 184 587 eo
196 521 369 604 turpissime
386 517 509 582 ducum
527 526 681 602 tamqnam
693 513 844 606 pollutum
864 515 1138 598 exsecrandumque
1151 518 1245 586 devo-

147 630 218 671 vere
229 607 407 672 debuissent

232 714 283 776 72.
326 697 548 804 Ewocco'pope]
570 687 724 770 Cornelius
744 703 823 771 tude
842 701 938 766 edidit
957 696 1198 789 §menipouffif
1195 727 1246 767 or·

46 819 48 824 ¹
147 792 233 858 tumis
251 791 431 874 typographi
452 789 538 852 vitio.

231 898 283 960 73
302 888 387 976 ἈςοηΙ
379 893 453 954 oseis
467 889 601 972 Σικελία]
623 892 670 953 Ex
689 911 723 953 ea
739 889 962 970 Siciliaeparts,
985 907 1058 970 quas
1074 891 1248 972 Lilybaeum

147 978 377 1057 complectitur,
400 995 535 1056 quaeque
556 976 659 1038 Africo
679 977 755 1038 meri
777 975 919 1051 alluitur,
942 977 1082 1036 Saraceni
1106 978 1248 1055 Africani,

145 1063 308 1144 Euphemii
336 1061 449 1123 artibus
471 1061 607 1142 doliaque
629 1063 742 1139 adiuti,
769 1061 803 1121 in
821 1061 953 1121 Insulam
982 1059 1161 1140 irruperunt
1182 1063 1249 1121 eui-

147 1169 206 1228 que
219 1168 296 1207 iuris
306 1147 411 1223 iecere
422 1145 567 1207 Michaele
578 1148 669 1209 belbe
678 1150 862 1230 imperatore
873 1165 921 1206 en.
926 1142 1002 1207 chr.
1011 1145 1248 1208 ccccxxvttt.

147 1233 267 1294 Videsis
291 1232 372 1292 iuter
392 1241 505 1292 ceteros
529 1233 697 1294 cedrenum
720 1232 833 1295 Hister.
855 1231 966 1328 Comp.
961 1249 1045 1328 pag.
1063 1232 1135 1300 512.
1157 1233 1250 1292 Nice·

121 1363 125 1376 ,
146 1317 261 1400 phones
285 1337 359 1376 nero
384 1317 421 1377 de
442 1338 476 1378 ea
496 1317 533 1376 ab
551 1318 701 1379 Africanis
718 1316 931 1378 vindicands'
922 1335 954 1374 ιιι
976 1315 1043 1412 ipso
1063 1316 1182 1416 imperii
1201 1317 1251 1378 sui

148 1401 274 1464 exordio
295 1401 456 1480 cogitavit,
486 1421 581 1482 eoque
600 1403 769 1464 Menue'lem
787 1401 886 1478 misit,
909 1399 962 1479 qui
981 1400 1147 1463 iuventutis
1168 1413 1252 1464 nemu

149 1489 279 1564 fervens,
302 1507 397 1567 quum
417 1507 471 1546 uec
482 1487 557 1547 bene
572 1488 657 1548 ducis
669 1489 770 1550 officio
790 1489 966 1583 fungeretur
986 1493 1016 1544 et
1033 1486 1116 1547 vitiis
1131 1489 1251 1548 deditus

148 1573 316 1633 sanioribus
339 1592 402 1632 non
415 1572 634 1652 obtemperaret
647 1572 798 1650 consiliis,
819 1569 932 1652 separis
943 1569 1152 1650 quibusdam·
1143 1573 1252 1632 inviis-

148 1677 207 1737 que
229 1657 303 1717 locis
324 1656 441 1716 Siciliae
459 1657 593 1717 inclusus
615 1678 646 1718 se
673 1659 772 1738 ipsum
792 1666 950 1736 totumque
975 1655 1138 1715 exercitum
1167 1657 1252 1717 foede

26 1749 32 1756 ‘
147 1742 291 1826 perdidit.
335 1742 464 1802 Consule
482 1743 710 1824 proelaudetum
728 1741 896 1802 Cedrenum
915 1738 989 1800 ibid.
1010 1761 1076 1820 pag.
1095 1741 1167 1807 654.

233 1852 285 1914 78.
308 1840 428 1928 ΠΙᾶιη]
452 1848 609 1908 Cornelius
630 1847 724 1908 edidit
743 1843 859 1930 πλάγη,
885 1866 942 1906 nec
962 1847 1033 1906 satie
1048 1849 1123 1907 bene
1136 1841 1252 1930 πελάγη

148 1933 308 2034 legendum
332 1933 529 2009 coniectavit,
553 1953 648 2013 quum
661 1929 816 1994 rdteuarn
828 1951 984 1994 mensurae
996 1941 1149 2014 repugnet
1190 1934 1251 1995 Noe

148 2011 247 2098 πλάτη
265 2038 303 2078 ex
320 2017 428 2078 Codice
443 2018 638 2079 restituimus.

235 2129 287 2190 82.
317 2116 472 2204 Ἱππότην]
504 2123 670 2186 Alexandri
689 2122 789 2202 Magni
809 2125 925 2184 factum
951 2121 991 2182 ad
1009 2131 1140 2183 mentem
1163 2144 1253 2184 revo·
1283 2146 1290 2152 ·

149 2231 199 2282 ca,
221 2209 293 2268 dum
314 2229 422 2287 equum
443 2209 637 2271 ferocientem
657 2209 803 2291 planeque
822 2208 1004 2270 indomitum
1023 2209 1254 2290 mansuetiorem

148 2293 358 2372 mitioremque
384 2293 440 2352 sibi
458 2295 595 2356 reduxit:
618 2315 736 2377 exque
758 2295 872 2374 ingenii
895 2295 1044 2373 animique
1066 2295 1113 2354 eui
1131 2295 1253 2373 experi-

149 2388 251 2438 mento
270 2389 384 2438 tantam
398 2388 576 2442 consecutus
592 2391 637 2442 est
649 2380 784 2457 leudem,
806 2389 841 2440 ut
859 2379 1017 2459 Philippus
1034 2398 1110 2458 equo
1128 2379 1254 2439 descen-

149 2465 284 2536 dentem,
306 2463 495 2524 manantibus
521 2468 629 2542 gaudio
650 2465 802 2543 lacrimis,
826 2465 1001 2545 complexus
1024 2465 1255 2525 exclamaverite

149 2553 253 2609 maius
279 2551 441 2626 imperium
463 2549 525 2608 eibi
548 2555 791 2632 circumspicere,
813 2571 866 2608 nec
888 2551 967 2609 enim
986 2547 1184 2609 Macedoniae
1206 2571 1256 2610 re-

147 2656 246 2714 gnum
267 2645 385 2692 tantam
407 2633 540 2694 indolem
562 2659 677 2720 capere.
721 2635 849 2696 Consule
865 2632 1105 2696 Freinshemium
1125 2635 1158 2696 in
1174 2637 1256 2717 Sup-

149 2719 241 2798 plem.
262 2718 349 2792 inQ.
364 2721 447 2781 Curt.
463 2720 515 2781 lib.
530 2721 554 2790 Ι.
571 2743 696 2805 cup.1v.
769 2771 771 2776 .

237 2827 288 2890 83.
309 2818 410 2902 Ζήτει]
430 2820 529 2918 Dq'cse
542 2827 637 2886 edidit
652 2827 817 2907 Cornelius,
838 2825 891 2889 sed
902 2846 1006 2926 rerem
1018 2825 1180 2888 lectionem
1196 2828 1254 2888 Co-

152 2908 227 2973 dicis
247 2907 286 2966 ad
304 2929 386 2971 orum
400 2905 524 2988 paginae
543 2911 676 2971 subiecit.

229 3013 282 3082 86
307 2982 441 3096 Κρήτης]
465 3017 618 3077 Cornelius
634 3016 899 3101 maluithqroie,
923 3015 1000 3078 sed'
990 3017 1155 3079 immerito.
1176 3017 1256 3079 nihil

152 3100 234 3164 enim
251 3099 303 3159 hic
320 3100 547 3162 immutandum.

236 3211 287 3274 88.
315 3203 412 3268 Τέκνα
435 3201 544 3288 μικρά]
566 3207 646 3268 Haec
653 3227 760 3289 ,quoe
781 3206 871 3266 modo
894 3204 1077 3268 Theodosius
1104 3207 1256 3286 describit,

153 3291 325 3370 singillatim
342 3303 530 3352 recensuerat
543 3253 678 3354 lucertds
693 3293 891 3354 continuator
903 3291 1109 3372 Theophanis:
1132 3292 1184 3350 sed
1197 3315 1259 3352 ma·

152 3377 184 3436 lo
198 3377 326 3454 quodam
343 3377 403 3436 fato
419 3377 481 3437 eius
495 3377 639 3439 historiae
653 3379 911 3459 complementum,
933 3377 986 3437 ubi
1001 3397 1034 3436 ea
1045 3377 1256 3456 narrabantur,

153 3461 284 3542 perierat
310 3461 343 3519 in
364 3462 491 3542 Codice,
520 3465 559 3525 sd
585 3463 669 3525 euius
694 3463 786 3525 fidem
808 3462 972 3524 editionem
992 3482 1077 3522 suam
1097 3461 1258 3524 adornavit
1306 3479 1310 3492 ·

155 3545 358 3611 combefisius.

240 3655 291 3717 96.
315 3651 502 3736 Προφήτης]
525 3653 722 3715 Mnemethem
745 3653 895 3736 intellige,
923 3654 1009 3715 cuius
1029 3653 1199 3734 patrocinio
1221 3673 1258 3716 ac

154 3737 288 3818 potentia
311 3737 467 3800 ‘furcae’
451 3739 607 3802 confidunt
623 3741 800 3822 plurimum.

240 3849 290 3910 97.
310 3842 363 3918 Ὡς
376 3843 449 3923 dede
460 3847 623 3930 τιμωμένη]
646 3849 759 3909 Turcae
774 3844 883 3926 gladio,
904 3845 999 3908 veluti
1017 3843 1090 3923 Deo,
1111 3841 1258 3904 honorem

155 3927 295 3990 adhibere
311 3928 496 3992 Theodosius
510 3935 611 3994 forsan
628 3933 711 4009 dicit,
728 3931 848 4013 qued
822 3951 849 3992 ei
862 3931 1050 4013 potissimum
1064 3927 1259 4008 confiderent,

155 4033 249 4093 quum
272 4015 423 4076 Moameth
444 4018 543 4116 glqdio
567 4019 605 4078 ad
625 3978 800 4096 religionem
818 4037 905 4078 suam
922 4017 1065 4079 tuendam
1086 4035 1122 4075 ac
1143 4033 1258 4096 prope-

154 4099 281 4177 gandum
297 4099 424 4163 fidenter
445 4103 490 4163 uti
509 4125 558 4165 eos
573 4105 732 4164 docuisset.

240 4211 310 4272 101.
334 4201 438 4288 Τᾶσις]
461 4209 629 4271 orientales
650 4211 787 4272 nationes
802 4208 936 4274 vestibus
950 4208 989 4271 ed
1000 4208 1079 4270 telos
1096 4225 1191 4288 usque
1202 4204 1259 4264 de·

154 4291 252 4352 missis
275 4293 321 4352 uti
336 4295 441 4354 solitae
456 4295 529 4358 estis
542 4317 644 4360 omnes
659 4305 782 4362 nerunt.

186 4379 190 4401 ¹
224 4394 279 4451 nee
295 4395 435 4451 reme.
648 4459 654 4474 ⁸
796 4433 805 4450 .
1009 4381 1053 4445 36
