3038 4796
257 353 335 430 eea
457 356 693 450 excreare
712 352 775 424 nx
794 347 968 425 aaron
985 352 1171 426 manua

258 519 398 597 Armeni,
428 517 464 578 in
488 539 592 598 agi-um
613 516 799 578 Edeeeennm
821 515 1045 595 irrumpentes,
1074 516 1158 582 1000
1181 533 1270 592 ovea,
1298 513 1363 584 600

258 632 363 684 taurm
379 630 409 681 et
427 625 468 688 10
488 620 573 682 virae
591 619 702 681 Arabes
719 619 920 680 abduxerunt.
960 615 1052 676 Hisce
1066 617 1252 700 temporibus
1271 637 1366 698 quum

259 725 387 786 Romani
401 723 548 784 Arabibua
566 722 774 804 praevalerent
788 731 819 781 et
830 718 1002 801 diripiendo
1023 718 1123 809 omnia
1139 739 1235 800 neque
1253 719 1292 780 ad
1302 719 1365 783 Ar-

258 817 388 890 meniam
408 826 553 888 maiorem
574 824 795 907 pervenissent,
816 824 1019 884 Armenorum
1038 821 1103 899 illi,
1126 821 1182 902 qui
1199 827 1301 898 metu,
1314 839 1365 882 ne

258 929 296 992 ab
312 929 474 1008 Arabibue,
495 937 656 1009 propterea
669 927 754 1008 qued
770 924 934 988 Christiani
946 933 1061 1002 creent,
1082 932 1284 1001 vexarentur,
1305 943 1365 983 au·-

257 1031 412 1112 fugerant,
433 1030 466 1092 in
481 1031 555 1092 linea
568 1033 773 1092 Romanorum
787 1049 820 1090 ae
830 1029 1034 1090 contulerunt.
1075 1027 1203 1088 Romani
1215 1025 1366 1088 dederunt

215 1180 217 1184 -
256 1133 319 1194 illia
334 1133 498 1194 Sebastiam
512 1133 545 1194 in
557 1133 753 1215 Cappadocia,
776 1131 867 1210 unde,
889 1150 982 1212 quum
996 1149 1140 1190 numerus
1157 1149 1261 1192 eorum
1273 1127 1364 1190 valde

258 1245 367 1298 anctae
382 1245 475 1312 emet,
494 1235 641 1298 miseramt
649 1281 659 1314 ,
681 1236 734 1317 qui
746 1235 864 1296 arcibus
878 1234 915 1294 ab
930 1228 1077 1296 Arabib'ua
1100 1233 1196 1315 captia
1212 1231 1363 1314 praesidio

256 1347 366 1400 eeeent.
414 1337 450 1398 In
468 1338 609 1398 omnibus
634 1336 875 1420 expeditionibus
900 1335 933 1398 hi
955 1355 1074 1418 quoque
1098 1334 1221 1398 Armeni
1246 1333 1363 1416 pedites

256 1459 329 1500 eum
348 1439 490 1502 Romania
508 1441 666 1518 exierunt,
691 1459 835 1523 prospere
851 1439 1029 1522 plerumque
1040 1438 1230 1520 praeliantea.
1271 1436 1363 1498 Nice-

254 1541 389 1627 phorum
409 1542 608 1608 domeatieum
626 1563 696 1606 cum
711 1545 915 1604 Romanorum
928 1541 1024 1622 copiis
1037 1562 1056 1600 a
1070 1541 1184 1602 Halebo
1196 1558 1361 1617 reversum,
1438 1613 1444 1621 .

255 1665 351 1728 quum
376 1636 579 1708 simondoam'
595 1646 804 1727 pervenisset,
829 1645 944 1708 nuncio
970 1645 1008 1706 de
1033 1654 1131 1706 morte
1155 1643 1235 1723 regie
1258 1641 1361 1718 allato,

256 1769 361 1810 omuee
374 1747 434 1810 riri
446 1747 599 1830 principer
608 1769 677 1810 cum
685 1747 1110 1828 Schumueebchigennunimi
1119 1765 1268 1808 contentu
1278 1763 1361 1804 anno

257 1850 444 1912 Graecorum
466 1855 548 1921 1276
570 1852 852 1931 pronunciaverunt
871 1869 971 1930 regem
982 1858 1023 1918 ,et
1035 1865 1154 1912 emtum
1170 1849 1238 1912 eiua
1259 1845 1363 1914 Sohu-

256 1951 486 2034 mueebebigum
502 1953 709 2016 demeatieum.
730 1937 808 2020 ,uie
821 1952 987 2018 adbellum
1001 1969 1071 2022 cuna
1086 1949 1236 2028 Arabibue
1254 1969 1362 2031 geren·

257 2057 331 2121 dum
346 2057 486 2133 dimiono,
505 2055 570 2136 ipae
585 2055 866 2138 Constantinopolin
879 2056 1029 2146 ingreeette
1044 2054 1078 2116 iu
1094 2071 1187 2135 regno
1203 2039 1365 2116 confirma·

257 2165 311 2220 tua
320 2168 374 2220 eat.
394 2157 655 2240 Sebumuacbchig
666 2158 948 2240 Mopaveetiamper
962 2164 984 2227 7
998 2157 1062 2222 diae
1077 2157 1194 2220 obsedit
1207 2167 1238 2220 et
1255 2175 1364 2238 quem-

257 2265 308 2328 vis
325 2265 394 2347 plue
410 2285 501 2346 quarn
516 2264 670 2344 emgiutn
683 2261 759 2324 locie
776 2283 896 2328 mtuum
913 2260 1111 2342 perfodisset,
1126 2259 1251 2340 ingredi
1262 2268 1363 2325 umen

256 2388 322 2430 non
334 2368 445 2450 potuit.
485 2367 592 2448 ltaque
613 2387 718 2446 apum
739 2365 803 2428 eiua
822 2373 854 2426 et
865 2385 955 2445 agree
970 2366 1093 2428 Adanae
1107 2375 1139 2426 et
1151 2363 1237 2428 Terei
1253 2363 1362 2424 ineen-

256 2469 314 2532 dit.
361 2469 578 2550 Mopeveetenie
599 2469 686 2538 6000
705 2467 843 2531 virorum
863 2469 957 2530 Tereo
981 2467 1280 2543 auxiliationem,
1307 2463 1363 2526 aed

255 2572 385 2636 Romani
404 2571 523 2633 obviem
541 2572 614 2634 laeti
636 2591 688 2632 eoa
709 2589 812 2632 omnen
834 2569 1028 2652 oeciderunt3
1057 2571 1235 2652 quaefacta,
1255 2565 1362 2628 relicta

178 2739 180 2744 ,
255 2673 347 2752 urbe,
370 2673 581 2738 diaceaeeruut.
622 2672 659 2736 In
682 2672 786 2734 Cilicia
802 2691 910 2753 magna
927 2674 1020 2736 fumea
1042 2681 1112 2740 orta¹
1124 2681 1189 2752 eat,
1209 2691 1299 2753 quam
1320 2669 1361 2730 ab

255 2796 321 2840 rem
343 2777 486 2858 permulti
516 2776 628 2838 Arabae
649 2776 828 2836 Damascum
855 2777 1064 2857 confugerunt.
1116 2774 1218 2846 Etiam
1244 2771 1360 2852 Halebi,

255 2878 394 2942 Ηιιιιιιο
415 2889 446 2942 et
466 2881 593 2944 Edeaeae
618 2879 719 2959 gravia
740 2880 832 2942 semea
850 2879 920 2944 faut.
969 2879 1058 2945 duae
1082 2887 1154 2959 poet
1171 2875 1360 2940 Domeetieua

253 2982 365 3046 ίῐιιιιιιι
379 2983 514 3046 Ciliciam
527 2984 677 3064 ingreaeue
691 2981 905 3065 Mepstaetiam
922 2981 1110 3064 oppugnavit
1128 3001 1184 3063 per
1197 2990 1260 3042 tree
1273 2999 1360 3040 meu-

254 3107 317 3164 eee,
338 3087 392 3149 aed
406 3107 577 3170 expugnare
591 3107 655 3150 non
670 3084 787 3168 potuit;
808 3083 911 3165 itaque
930 3103 1025 3166 quum
1038 3083 1137 3150 morbi
1147 3093 1177 3148 et
1188 3082 1361 3168 peetileutie

254 3191 358 3274 copiae
370 3191 562 3272 infestarent,
582 3189 696 3250 tributo
709 3185 849 3268 imposito
863 3187 944 3255 abiit.
1053 3171 1064 3182 ¹

340 3293 429 3356 Anno
445 3296 629 3358 Graecorum
641 3295 725 3360 1276
735 3337 745 3372 ,
756 3288 890 3352 Arabum
901 3289 986 3366 354,
998 3311 1092 3372 quum
1102 3309 1160 3354 rex
1172 3287 1361 3372 Nicophanes

256 3396 518 3479 Conatantinopoli
533 3397 703 3458 Caeearem
715 3393 922 3476 Cappadociae
932 3393 1034 3456 aedem
1043 3393 1259 3472 trmatulieeet,
1280 3394 1360 3456 Tar-

256 3521 358 3562 aeneea
377 3510 408 3562 et
425 3498 647 3581 Mopaveateni,
667 3495 758 3558 mioeo
772 3496 812 3557 ed
830 3515 901 3558 eum
921 3495 1037 3576 legate,
1062 3497 1245 3560 deditionem
1263 3495 1359 3578 polli-

222 3639 224 3646 ›
258 3612 358 3664 eentea
365 3648 375 3680 ‚
396 3621 496 3682 regem
508 3601 545 3662 ab
557 3620 593 3662 eo
608 3601 805 3682 expetierunt.
844 3599 1013 3680 Respondit
1024 3599 1092 3662 tua:
1112 3600 1358 3679 ‚beredenam

247 3723 352 3785 quum
363 3703 401 3766 de
413 3721 517 3784 regum
528 3711 700 3768 vestrorum
710 3701 825 3765 auxilio
838 3701 1029 3784 dmperentea
1041 3721 1152 3764 canum
1165 3701 1360 3766 cadavenbue

254 3807 316 3870 iam
327 3805 489 3869 vescimini
499 3815 530 3870 et
538 3805 709 3889 petulentia
718 3825 775 3870 voa
788 3805 928 3885 abaumit,
944 3803 1022 3868 mihi
1033 3825 1089 3868 voa
1103 3804 1268 3868 subiicietia
1281 3803 1357 3889 (tam

253 3907 311 3971 diu
330 3906 451 3994 nempe)
485 3909 583 3974 donec
605 3910 686 3974 viret
708 3907 973 3992 recuperaveritis,
1005 3917 1045 3972 nt
1059 3909 1205 3972 rebellare
1223 3907 1357 3990 poaeitie.

254 4011 347 4074 Vobie
368 4033 386 4072 a
406 4031 455 4074 ma
474 4013 521 4076 nil
540 4011 600 4076 niti
617 4009 734 4095 gladiae
757 4013 960 4096 expectandae
981 4006 1061 4078 eat.”
1109 4009 1232 4074 bitteris
1251 4029 1356 4074 eornm

253 4133 346 4195 anper
357 4111 447 4193 legati
462 4114 560 4199 eapite
573 4115 616 4178 ita
632 4115 814 4196 combuetia,
834 4124 870 4178 ut
881 4115 974 4178 buitta
990 4131 1109 4197 qnoque
1120 4113 1214 4178 barbe
1227 4111 1356 4176 combu-

251 4225 388 4292 teretur,
410 4213 541 4298 legatum
553 4217 651 4282 eiecit.
693 4221 773 4284 Tum
785 4220 865 4284 fama
878 4229 925 4284 eat
937 4218 1076 4302 quotidie
1088 4221 1152 4286 300
1165 4226 1356 4280 mortuorum

250 4319 348 4387 lectae
363 4319 483 4386 eume
499 4321 593 4387 elatee
613 4339 686 4388 aare.
733 4317 800 4390 ilex
814 4321 1002 4410 Nicephoraa
1018 4329 1198 4406 congregato
1217 4317 1355 4390 mereim
