3038 4796
259 395 334 470 358
548 401 813 472 LUITPRANDI
841 401 1041 472 LEGATIO

260 564 315 644 qui
331 571 376 626 est
396 561 481 624 locus
498 562 601 624 decem
622 571 653 622 et
670 569 739 622 octo
756 560 933 623 miltimbm
949 561 1207 643 Constantinopoli
1226 561 1351 640 distans,

260 663 446 746 Nicephorua
461 683 508 724 me
522 661 663 724 accersiri
674 663 766 741 iubet,
779 663 830 723 cui
844 674 874 724 et
886 665 945 724 aits
965 665 1108 725 Putabam
1120 673 1150 724 te
1164 663 1286 744 quidem
1300 665 1351 724 vi·

259 787 329 830 rum
353 787 494 847 magnum
515 774 545 825 et
565 763 723 826 honestum
746 785 781 825 ee
798 767 894 845 grstia
911 765 973 827 buc
990 767 1123 843 vennae,
1149 775 1185 826 ut
1203 769 1351 847 completa

260 869 431 930 omnimodo
443 870 601 931 voluntate
611 887 676 928 mes
691 877 865 948 perpetuam
883 869 963 930 inter
983 890 1031 928 me
1049 878 1080 928 et
1100 869 1352 928 dominumtuum

256 973 454 1033 constitueres
474 971 642 1034 amicitiam.
664 961 668 978 ⁸
688 971 729 1034 Et
748 971 889 1050 quoniam
908 971 946 1030 ob
974 969 1072 1030 cordia
1088 970 1135 1029 tui
1157 969 1295 1029 duritiem
1316 971 1351 1029 id

255 1075 355 1138 lacere
367 1073 461 1152 nolis,
481 1095 577 1135 unum
591 1075 711 1149 saltem,
734 1072 815 1151 quod
829 1073 925 1132 facere
939 1072 1015 1132 iusta
1026 1072 1143 1132 ratione
1156 1071 1267 1151 possis,
1289 1071 1351 1131 elli.

254 1177 333 1254 eito;
357 1176 474 1237 seilicet
487 1175 642 1237 dominum
665 1183 752 1234 tuum
776 1173 965 1255 Principibus
986 1173 1125 1254 Capuano
1148 1181 1178 1232 et
1194 1173 1348 1234 Beneven-

257 1285 348 1355 tano,
370 1277 569 1353 serviamus,
597 1297 671 1356 quos
690 1296 863 1357 oppugnare
878 1277 1022 1358 dispono,
1047 1277 1167 1336 nullum
1190 1277 1348 1336 eonsilium

257 1381 449 1442 collaturum.
505 1381 565 1440 Sue
590 1379 641 1459 qui
667 1399 732 1438 non
762 1379 907 1457 largitur,
935 1387 1040 1438 nostra
1069 1379 1174 1437 saltem
1205 1377 1346 1440 dimittat.

256 1481 404 1543 Novarea
417 1489 478 1556 est,
500 1479 583 1561 quod
602 1499 704 1540 eorum
720 1489 819 1561 patrea
847 1491 877 1540 at
898 1481 947 1540 sni
969 1489 1073 1540 nostro
1087 1481 1215 1560 Imperio
1234 1481 1347 1540 tributa

256 1583 421 1663 dederunt,
444 1593 475 1643 at
490 1583 524 1644 id
538 1584 611 1644 istos
630 1583 715 1644 brevi
733 1592 867 1664 tempore
885 1584 1017 1644 facturos
1036 1581 1156 1662 Imperii
1174 1585 1270 1643 nostri
1292 1603 1348 1642 ex-

227 1682 367 1747 Eeroitus
386 1686 542 1746 laborabit.
585 1685 641 1746 eui
663 1685 803 1766 inquam:
826 1685 982 1766 Principes
1004 1683 1056 1743 isti
1081 1684 1214 1765 apprime
1232 1686 1347 1746 nobiles

254 1798 285 1849 et
298 1787 411 1848 domini
426 1788 484 1850 mei
500 1795 571 1848 sunt
586 1787 714 1864 milites3
736 1787 787 1868 qui
808 1788 834 1850 si
848 1791 996 1848 senserint
1011 1789 1176 1848 exereitum
1190 1795 1276 1846 tuum
1295 1807 1349 1846 au-

253 1910 311 1971 per
333 1909 382 1950 eos
403 1892 535 1970 inuare,
566 1889 609 1950 eis
629 1891 729 1970 copies
751 1891 868 1966 mittet,
896 1889 1072 1969 quibuscum
1093 1898 1163 1948 tuos
1185 1897 1348 1964 conterere,

255 2001 286 2052 et
307 1991 367 2052 duo
388 1993 441 2054 ills
459 1992 606 2071 themata,
629 2011 705 2072 quae
726 1991 808 2050 ultra
830 1997 911 2050 mare
929 1989 1037 2065 babes,
1058 1989 1113 2048 o'bi
1134 1991 1350 2070 praevalebunt
1363 2061 1375 2076 ο

256 2095 383 2156 auferre,
429 2093 516 2154 Tunc
537 2093 660 2154 bulonia
682 2093 715 2152 in
736 2093 860 2152 modum
883 2093 1063 2152 tumefactus
1069 2140 1080 2168 ,
1112 2101 1142 2150 et
1169 2103 1346 2168 commotus,

251 2195 391 2274 llisoede,
417 2195 527 2278 inquit.
568 2197 625 2256 Per
643 2213 706 2271 me,
728 2215 783 2276 per
803 2195 854 2276 qui
874 2213 922 2253 me
941 2195 1030 2252 talem
1052 2211 1180 2272 genuere
1195 2205 1345 2275 parentes,

252 2299 378 2376 faciam,
398 2308 434 2359 ut
452 2296 535 2358 aliud
555 2295 694 2380 dominus
706 2305 797 2374 tuus,
820 2315 910 2376 quam
932 2295 1097 2356 desertores
1118 2315 1220 2357 servos
1241 2297 1346 2357 delen·

251 2399 322 2480 dere
338 2401 456 2479 cogitet.
499 2399 633 2476 Cumque
649 2397 776 2472 abirem,
797 2397 885 2458 iussit
900 2397 1076 2479 interpreti,
1097 2417 1144 2458 me
1158 2397 1215 2460 sibi
1236 2400 1346 2457 convi-

250 2519 319 2560 vam
339 2503 424 2562 lieris
453 2499 614 2579 accitisque
645 2499 815 2560 eorumdem
834 2500 1009 2582 Principum
1036 2501 1127 2561 fratre
1148 2511 1179 2560 et
1198 2501 1345 2580 Byzantio

142 2601 199 2656 Col.
216 2605 235 2660 2
251 2599 420 2676 Burisiano,
453 2619 573 2677 magnas
595 2599 627 2660 iu
644 2619 714 2680 vos,
736 2611 912 2682 gentemque
942 2602 1065 2661 latinam
1094 2611 1123 2661 et
1150 2603 1344 2664 Teutonicum

250 2700 447 2761 contumelias
468 2721 605 2786 quomere
625 2701 720 2762 iussit.
763 2703 873 2765 Verum
897 2723 963 2764 oum
986 2726 1002 2763 a
1026 2703 1146 2764 sordida
1166 2725 1258 2763 coena
1279 2705 1344 2785 ipae

250 2801 434 2863 discederem
442 2847 452 2881 ,
480 2803 599 2866 nunciis
624 2802 826 2884 interpositis,
856 2808 932 2866 olom
956 2805 1030 2866 mibi
1053 2806 1287 2882 mundaverunt,
1316 2816 1345 2866 et

250 2903 446 2980 iuraverunt,
464 2924 497 2964 se
515 2925 589 2984 quae
602 2906 786 2969 Intraverunt
802 2931 862 2970 nou
876 2919 1001 2989 sponte,
1023 2911 1074 2969 sed
1090 2911 1272 2989 Imperatore
1285 2929 1342 2968 ro·

248 3003 329 3064 lente
350 3013 379 3064 et
400 3003 600 3066 comminante
621 3007 739 3070 dixisse.
788 3011 848 3070 Sed
869 3021 899 3072 et
922 3012 1002 3072 idem
1029 3011 1217 3092 Nicephorus
1238 3011 1270 3071 in
1290 3033 1342 3072 ea-

248 3105 317 3166 dem
341 3126 434 3168 coena
453 3127 501 3169 me
513 3109 724 3188 interrogavit,
746 3113 770 3171 ai
785 3133 839 3172 vos
851 3113 1013 3194 perivolia,
1033 3113 1066 3174 id
1080 3124 1124 3174 est
1138 3113 1233 3176 brolia
1252 3115 1299 3175 vel
1315 3117 1342 3175 si

246 3209 402 3289 perivoliis
421 3229 564 3288 onagros,
584 3211 635 3273 vel
646 3221 761 3274 caetera
780 3215 920 3276 animalia
934 3215 1090 3276 haberetis.
1133 3217 1190 3276 Cui
1204 3237 1271 3276 oum
1286 3213 1341 3278 vos

246 3310 359 3390 brolia,
383 3319 414 3374 et
433 3311 467 3374 iu
482 3315 588 3376 broliis
603 3315 759 3396 animalia,
782 3317 900 3396 onagris
914 3319 1065 3398 exceptis,
1081 3317 1191 3379 babere
1207 3319 1340 3379 affirma·

246 3429 326 3470 rem:
348 3413 457 3474 ducam
471 3425 520 3489 te,
541 3415 655 3498 inquit,
676 3419 709 3480 in
725 3429 861 3480 nostrum
872 3421 1065 3498 perivolium,
1088 3419 1173 3480 ouius
1186 3422 1340 3501 maguitu-

250 3509 366 3591 dinem,
388 3525 418 3576 et
432 3535 574 3597 ousgm,
594 3519 686 3582 idest
703 3521 853 3581 silvestres
870 3521 986 3596 asinos,
1007 3532 1038 3582 ta
1051 3523 1163 3584 vidisse
1177 3524 1338 3588 miraberis.

217 3611 365 3674 Blluotus
386 3616 488 3696 itaque
508 3619 542 3680 iu
559 3622 739 3702 perivolium
754 3623 826 3684 satia
846 3643 1002 3702 magnum,
1033 3635 1240 3704 montuosum,
1271 3629 1339 3688 sru-

247 3723 403 3794 ctuosum,
428 3717 551 3780 minime
576 3741 747 3802 amoenum,
777 3743 846 3784 eum
872 3726 998 3806 pileatus
1020 3729 1199 3808 equitarem,
1232 3715 1338 3810 meque

247 3819 451 3899 Coroplatesa
468 3821 555 3901 louge
569 3826 771 3906 prospiceret,
792 3829 854 3888 lilio
869 3829 1005 3890 celeriter
1019 3827 1150 3908 directo,
1172 3831 1244 3892 milri
1259 3853 1340 3893 man.

246 3919 349 3996 davit,
378 3923 422 3981 sas
444 3941 504 3982 uon
527 3943 591 3985 ease
608 3929 795 4010 quempiam,
817 3931 870 3989 ubi
889 3931 1053 4013 Imperator
1074 3943 1163 4010 esset,
1186 3935 1337 4014 pileatum,

247 4021 300 4082 ssd
320 4023 501 4086 teristratum
521 4025 668 4091 incedere.
712 4031 767 4090 Cui
786 4031 938 4111 mulieres,
959 4033 1096 4114 iuquam,
1118 4047 1237 4097 nostrae
1250 4037 1338 4097 tiara.

245 4133 295 4186 lsa
316 4133 347 4184 et
367 4127 544 4206 teristratae,
566 4131 626 4192 viri
644 4135 781 4212 equitant
798 4135 910 4215 pileati.
953 4139 1015 4196 Nec
1033 4137 1120 4197 decet
1132 4157 1188 4196 ros
1204 4139 1337 4220 compel-

245 4226 307 4302 lere
326 4227 457 4306 patrium
475 4249 523 4290 me
543 4231 594 4292 bio
609 4245 723 4296 mutare
740 4257 868 4296 morem:
891 4258 959 4298 eum
978 4248 1093 4298 vestros
1111 4260 1165 4300 nos
1195 4241 1336 4302 adeuntes

244 4329 377 4412 patrium
397 4350 510 4392 morem
530 4344 631 4396 tenere
647 4337 790 4398 sinamus:
818 4337 958 4400 manicati
980 4339 1075 4420 euim,
1097 4339 1228 4421 issohti,
1256 4343 1336 4404 srbu·
1405 4321 1411 4326 ¹
