3038 4796
267 377 344 449 362
519 385 521 390 ’
570 379 833 448 LUITPRANDI
854 377 1050 446 LEGATIO

267 541 341 605 dum
360 542 391 602 in
411 541 513 619 fugam
532 547 699 616 verterent,
722 539 784 600 eius
804 539 906 620 copias
928 537 1067 598 omnibus
1088 535 1184 596 modis
1206 536 1358 597 contrive-

266 655 348 708 runt.
389 643 444 702 Est
460 649 488 702 et
507 635 604 718 aliud,
626 641 707 720 quod
720 661 803 701 nune
821 640 1023 721 Nicephorum
1041 639 1189 718 compulit
1209 639 1309 719 copias
1325 639 1358 698 in

267 745 407 826 Assyrios
422 744 547 804 duceres
568 739 718 821 Argorum
733 744 812 803 enim
832 763 948 802 omnem
964 741 1131 820 regionem,
1152 743 1265 801 instans
1279 751 1358 800 tem-

265 871 339 932 pus,
362 849 424 908 Deo
443 847 579 920 iubente,
601 863 636 904 eo
655 865 752 926 usque
766 847 856 905 lomes
877 843 1009 921 attrivit,
1030 853 1065 902 ut
1079 863 1175 923 neque
1191 843 1284 904 tritici
1297 843 1356 902 duo

265 951 424 1032 Pupienses
437 946 559 1008 sextarii
571 966 660 1006 aureo
676 955 905 1028 comparentur,
927 945 1045 1025 hocque
1064 945 1116 1004 ubi
1133 946 1250 1006 ubertas
1272 946 1356 1025 qussi

265 1062 378 1133 regnat.
421 1051 507 1113 Hanc
526 1057 654 1128 pestem,
676 1049 809 1109 muribus
825 1049 1066 1129 cooperantibus,
1087 1049 1130 1107 ita
1149 1047 1301 1126 dilatavit,
1321 1057 1357 1108 ut

264 1152 419 1214 messionis
435 1161 586 1231 ternpore,
608 1150 756 1230 quidquid
771 1148 882 1228 ubique
896 1157 1043 1210 terrarum
1058 1169 1191 1208 annonae
1204 1159 1277 1226 erat,
1297 1150 1356 1208 mi-

264 1254 348 1314 nimo
367 1251 437 1312 dato
450 1253 565 1332 pretio,
587 1253 803 1332 possessoribus
816 1253 1008 1328 eiulsutrbus‚
1022 1251 1225 1331 'corrgregan't
1267 1249 1357 1324 Quod

266 1376 337 1415 cum
350 1355 436 1413 iuxta
450 1353 693 1435 Mesopotamiam
711 1356 821 1414 iaceret
829 1399 839 1431 ,
862 1355 913 1412 ubi
925 1353 1043 1432 frugum
1057 1355 1142 1433 copia
1155 1353 1289 1412 muribus
1304 1352 1355 1410 ab·

264 1456 401 1516 sentibus
418 1465 568 1532 creverat,
591 1475 696 1516 urenae
717 1456 807 1516 maris
828 1455 1013 1514 multitudini
1035 1475 1169 1515 annonae
1182 1454 1356 1514 multitudi-

213 1561 338 1639 ·1)nem
355 1557 536 1638 coaequavit.
578 1557 672 1636 igitur
690 1579 758 1618 cum
776 1558 832 1618 vili
851 1557 910 1618 hoc
924 1558 1101 1618 commercio
1119 1557 1250 1638 turpiter
1267 1558 1356 1616 sames

265 1661 319 1723 ubi
334 1661 513 1734 desaeviret,
536 1660 686 1738 octoginta
705 1659 802 1719 inillis
823 1661 1013 1735 mortalium,
1035 1660 1158 1718 obtentu
1173 1659 1295 1718 militiae
1308 1679 1356 1718 se-

264 1785 334 1824 cum
356 1761 563 1842 congregarit,
591 1762 699 1841 quibus
725 1781 779 1840 per
806 1761 982 1820 continuum
1013 1778 1159 1837 anensem,
1189 1761 1271 1840 quod
1295 1781 1354 1820 uno

262 1877 375 1927 emerat
389 1885 477 1925 aureo
486 1910 495 1942 ,
518 1863 631 1924 duobus
646 1863 792 1924 vendidit.
823 1865 886 1925 Hae
901 1872 980 1938 sunt,
1004 1861 1123 1922 domine
1138 1863 1189 1939 mi,
1211 1883 1267 1940 res,
1283 1883 1356 1946 quae

263 1967 464 2049 Nicephorum
487 1967 589 2046 copias
609 1967 642 2024 in
658 1966 797 2046 Assyrios
811 1979 893 2027 nunc
912 1966 1021 2026 ducere
1037 1967 1256 2046 compulerunt.
1300 1965 1356 2026 Sed

264 2069 382 2152 quales,
405 2087 533 2150 quaeso,
556 2068 680 2148 copias?
701 2069 791 2146 Vere,
814 2070 950 2148 inquam,
972 2087 1032 2126 nou
1052 2067 1205 2147 homines,
1228 2069 1280 2129 sed
1302 2069 1355 2128 bo·

262 2172 393 2232 minibus
407 2171 532 2232 similes:
553 2170 661 2249 quibus
679 2170 781 2249 lingua
798 2180 914 2230 tantum
929 2189 1059 2250 procax,
1082 2171 1134 2230 sed
1152 2171 1260 2250 frigida
1276 2171 1355 2231 bello

265 2273 397 2333 dextera.
440 2274 509 2333 Non
526 2271 648 2351 inspicit
667 2273 700 2331 in
714 2272 762 2332 his
780 2272 967 2353 Nicephorus
983 2272 1169 2352 qualitatem,
1192 2273 1243 2333 sed
1264 2275 1355 2334 solam

263 2375 475 2453 quantitatem:
497 2375 579 2454 quod
594 2395 683 2454 quam
698 2375 899 2454 periculosum
918 2373 1032 2447 illisit,
1058 2383 1123 2434 tum
1139 2397 1203 2436 sero
1219 2378 1355 2457 poenite-

234 2473 310 2533 ubis
328 2493 411 2551 sum,
434 2495 503 2534 cum
523 2476 655 2535 imbelles
676 2477 818 2556 plurimi,
839 2477 1031 2536 multitudine
1048 2477 1169 2538 animati
1176 2525 1185 2556 ,
1207 2501 1225 2538 a
1238 2479 1355 2540 nostris

261 2576 421 2659 perpaucis
435 2577 513 2636 bella
534 2577 713 2655 scientibus,
735 2578 826 2637 immo
846 2579 1012 2639 sitientibus
1037 2589 1237 2642 conterentur.
1282 2583 1353 2640 Cum

157 2696 161 2702 ’
262 2677 433 2738 obsideritis
451 2680 573 2758 Bnreas,
598 2681 723 2740 trecenti
744 2681 951 2741 tantummodo
967 2681 1077 2760 ngari
1098 2682 1182 2742 iuxta
1198 2683 1354 2743 Thessalo·

260 2779 360 2841 nicam
374 2781 549 2860 quingentos
563 2785 693 2842 Graecos
710 2767 1007 2863 comprehenderunt,
1034 2793 1063 2843 et
1081 2784 1113 2843 iu
1127 2785 1286 2864 Ungarium
1300 2785 1352 2846 du-

260 2891 381 2944 xerunt.
424 2884 586 2964 Quaeres,
609 2885 677 2965 quia
695 2905 838 2966 prospere
859 2887 1014 2960 successit,
1042 2887 1188 2967 compulit
1212 2887 1352 2947 ducentos

206 3053 213 3063 ,
261 2987 460 3066 Unger-iorum
479 2987 560 3050 ho'nd
580 2969 669 3067 lorige
690 2987 948 3070 Constantinopoli
966 2989 998 3048 in
1022 2987 1197 3050 Macedonia
1216 2987 1353 3050 similiter

260 3090 374 3150 lacere:
395 3111 434 3151 ex
460 3091 583 3171 quibus,
609 3111 678 3150 cum
701 3089 822 3148 incaute
843 3111 898 3170 per
919 3101 1074 3170 augustam
1102 3091 1236 3154 redirent
1263 3091 1350 3166 viam,

261 3193 456 3272 quadraginta
476 3201 547 3253 sunt
567 3193 663 3274 eapti3
686 3211 762 3271 quos
775 3209 857 3250 nuuc
876 3191 1062 3274 Nicephorus
1075 3193 1112 3254 de
1127 3193 1262 3254 custodio
1279 3193 1354 3254 edu-

261 3303 343 3373 ctos,
369 3295 651 3378 pretiosissimisque
672 3293 803 3356 vestibus
830 3305 970 3373 ornatos,
999 3306 1144 3376 patronos
1165 3277 1274 3356 sibiet
1296 3295 1353 3356 de-

151 3411 180 3462 Ρ,
198 3407 251 3466 486
267 3397 397 3457 sensorss
414 3397 550 3478 paravit,
571 3417 671 3472 secum
691 3395 724 3456 in
747 3397 883 3476 Assyrios
905 3397 1025 3458 ducens.
1068 3397 1179 3459 Verum
1202 3397 1296 3478 qualis
1317 3397 1355 3456 sit

154 3478 325 3558 c⁰¹·1eius
352 3502 514 3576 exercitus,
536 3499 609 3559 binc
635 3498 761 3580 potestis
787 3498 947 3574 coniicere,
977 3499 1116 3578 quoniam
1147 3499 1200 3580 qui
1232 3501 1353 3560 coeteris

260 3609 430 3682 praestant,
458 3601 590 3662 Venetici
617 3613 687 3663 suut
717 3611 746 3662 et
767 3579 976 3681 amalphitani.
1026 3602 1127 3678 Nunc,
1156 3602 1202 3663 his
1229 3603 1353 3678 omissis,
1392 3614 1395 3622 '

261 3703 336 3784 quid
351 3701 425 3762 mihi
437 3703 579 3764 acciderit
592 3703 829 3768 urtimsdvertite.
872 3705 962 3762 Sexto
978 3701 1102 3763 Kalend.
1126 3703 1252 3784 Augusti
1268 3715 1353 3766 extra

260 3805 548 3886 Constantinopolim
562 3807 593 3865 in
610 3807 732 3866 Umbria
749 3803 949 3886 sNiccphoro
962 3807 1115 3866 licentium
1132 3807 1234 3888 accepi
1250 3809 1352 3867 advos
1373 3829 1382 3837 ·

259 3909 420 3972 redeundis
447 3927 573 3988 cumque
587 3907 879 3988 Constantinopolim
893 3907 1034 3985 venirem,
1052 3909 1286 3990 christophorus
1298 3912 1352 3970 Pa-

258 4011 364 4072 tricius
381 4009 562 4088 Eunuchus,
584 4011 636 4089 qni
651 4010 920 4092 Nicephorivicem
940 4011 1044 4071 eodem
1062 4011 1154 4088 gerit,
1176 4011 1253 4072 mibi
1267 4031 1351 4072 man-

260 4112 361 4190 davit,
382 4133 444 4174 nou
458 4131 544 4194 posse
559 4131 606 4171 me
618 4117 692 4172 tunt
706 4113 860 4190 recedere,
882 4113 952 4194 quio
968 4113 1107 4172 Saraceni
1127 4121 1199 4172 tnnc
1221 4133 1353 4194 occupa-

259 4225 370 4276 verunt
383 4237 478 4292 mure,
501 4225 531 4276 et
543 4215 666 4295 Ungan'i
681 4225 809 4280 terram:
832 4215 1140 4303 expectandummibi
1160 4235 1238 4291 esse,
1260 4213 1353 4273 donec

258 4317 318 4401 ipsi
341 4317 540 4380 discederent:
568 4319 619 4381 sed
643 4327 822 4400 utrumque,
842 4317 920 4402 proh
949 4318 1054 4394 dolor,
1078 4310 1136 4378 suit
1155 4312 1353 4378 menducium.
