3038 4796
388 387 434 458 IN
455 383 610 455 LEONIS
631 383 813 456 DIACONI
833 383 910 464 ΠΒ.
924 383 986 452 111.
1160 371 1235 449 129

145 544 287 625 sossensi,
309 546 387 606 nihil
402 565 473 606 sane
492 553 536 604 est
554 543 708 604 usitatius:
731 562 820 623 quem
838 551 937 602 temen
955 559 1060 624 porum
1077 552 1146 626 spts
1163 543 1237 606 red·
1340 595 1343 608 .

145 632 224 694 didit
240 634 387 712 interpres
402 631 553 712 Epistolse
572 629 706 708 synodal.
721 628 846 708 Agapeti
862 629 952 690 Cone.
970 629 1070 690 Consi.
1083 629 1136 688 sub
1149 630 1236 690 Mena

144 719 183 778 Π.
201 719 291 784 1225.
308 717 346 780 D.
363 715 415 780 soi
430 710 538 799 τρόπον
551 710 617 776 τινὰ
639 708 887 792 τεθαυμάκαμεν,
909 725 937 772 et
951 711 1073 771 modum
1087 713 1237 792 quendam

144 803 296 861 admirati
313 801 430 864 sumus.
473 799 622 874 Emonia,
644 809 672 857 et
694 795 915 878 quodammodo
933 796 1013 856 adres
1034 821 1058 857 e.
1082 799 1237 858 Labbeenn

143 887 236 948 editio
261 886 366 963 hebet,
399 905 494 965 supra
515 881 646 946 modum.
695 884 731 942 ln
756 883 846 941 Cone.
867 891 966 942 sutem
986 883 1056 942 Oec.
1077 891 1161 942 sexio
1185 882 1236 944 ΙΙΙ.

144 971 236 1038 1185.
258 971 292 1029 Ε.
314 969 379 1035 εἶπέ
394 991 460 1051 μοι,
481 968 532 1032 καὶ
553 964 592 1032 όν
612 969 700 1032 τοῦτο
722 967 816 1042 εἴποι,
838 987 1002 1048 pronomen
1017 969 1064 1041 ric
1081 987 1236 1048 perperam

144 1056 302 1132 omissum,
324 1055 572 1133 scribendumque
585 1062 646 1129 est,
670 1051 722 1114 soi
736 1054 781 1127 τίς
797 1048 938 1114 ἄντοῦτο
955 1051 1031 1128 siro„
1053 1063 1081 1110 et
1096 1055 1167 1132 quis
1178 1051 1237 1110 Ιιοο

144 1139 270 1215 dixerit,
296 1161 334 1200 ex
356 1143 385 1204 8.
407 1141 510 1199 losnu.
529 1137 679 1218 chryson.
702 1138 785 1196 Oret.
806 1138 839 1195 in
860 1137 956 1212 illud,
978 1140 1072 1196 Pater
1090 1141 1120 1195 ει·
1135 1139 1237 1217 possi-

144 1226 203 1283 bile
219 1235 277 1300 εει,
300 1225 336 1288 V.
353 1229 424 1292 217.
444 1225 480 1284 Β.
501 1223 582 1283 undo
599 1222 673 1282 haec
687 1222 779 1282 verba
793 1231 824 1282 et
839 1221 977 1302 proxime
992 1222 1144 1302 sequentia
1165 1229 1238 1282 sunt

144 1310 287 1369 desumto.

227 1398 309 1475 Pag·
331 1399 382 1460 37.
404 1395 460 1457 lin.
484 1399 512 1460 1.
537 1390 594 1459 Ίόν
608 1383 851 1477 Μαριανόνοόν]
873 1387 1067 1476 Μαριανόςό
1078 1386 1240 1471 ’Ἀπαμβας

142 1488 308 1577 vocatura
331 1481 483 1577 Constant.
507 1479 730 1560 Porphyrogen.
752 1477 878 1542 casnm.
904 1480 976 1560 Byz.
999 1477 1023 1542 I.
1046 1476 1119 1544 262.
1140 1475 1172 1535 C.
1195 1470 1263 1536 sdss

144 1563 316 1709 quemlgpge
327 1563 482 1716 6618112111]
480 1565 670 1730 Τι’ζῐιμόόιιδηνῗ
685 1650 809 1708 Secutus
831 1667 896 1708 sum
919 1647 1102 1726 scripturam
1124 1645 1237 1724 vulgo·-

144 1754 223 1796 rem:
244 1735 296 1793 sed
309 1733 342 1792 id
351 1734 560 1794 Armeniacum
572 1753 681 1792 nomen
692 1733 782 1794 hebet
794 1733 864 1796 cod.
880 1732 931 1791 hic
945 1751 1000 1812 per
1011 1731 1073 1790 iots
1089 1730 1235 1811 Πιμιοιιό·
1265 1759 1270 1769 ·

143 1818 381 1899 insequentibus
398 1818 575 1899 plerumque
597 1827 641 1878 est
656 1814 814 1898 Τζιμιοιιιίς
823 1863 832 1894 ,
853 1827 889 1876 ut
904 1821 955 1884 28.
975 1817 1009 1875 Β.
1024 1820 1075 1882 80.
1090 1817 1124 1876 Β.
1141 1811 1236 1898 (oom-
1287 1823 1294 1867 ἰ

144 1907 276 1964 memoro
299 1904 391 1983 pugg}
407 1903 477 1964 edit.
499 1903 608 1984 quibus
625 1903 693 1962 loos
710 1903 826 1963 Codicis
840 1895 1044 1985 respondent)
1068 1904 1120 1967 86.
1135 1901 1167 1959 C.
1184 1898 1235 1964 61.

146 1989 178 2048 G.
199 1991 366 2070 Πημισιιῆς
384 1989 434 2054 56.
448 1989 482 2047 Β.
503 1987 644 2067 Reliquos
663 1987 813 2047 ecrssrendi
828 1990 954 2064 modos,
975 1985 1061 2046 velut
1079 1987 1238 2064 Τζιμιαχῆς

144 2074 297 2136 Constant.
318 2073 442 2132 Menses·
463 2073 534 2138 115.
555 2072 590 2131 D.
610 2068 717 2154 (Codd.
735 2071 778 2131 ibi
792 2083 821 2132 et
836 2073 908 2131 alise
927 2065 1104 2154 Τζημιοχῆς)
1121 2073 1191 2134 118.
1202 2068 1236 2126 C·

145 2163 217 2225 119.
233 2160 348 2224 (1120.
364 2156 398 2218 A.
413 2157 447 2216 Β.
467 2153 623 2236 Τζιμισχῆς
637 2157 784 2219 Cedrenus
798 2157 835 2218 II.
851 2158 923 2222 646·
939 2156 973 2214 D.
988 2156 1099 2234 Glycss
1114 2153 1186 2219 305·
1201 2151 1236 2212 B.

143 2246 215 2308 308.
227 2243 262 2302 A.
276 2243 309 2302 Β.
330 2244 497 2322 Ίζομισιιῆς
510 2241 595 2299 Anne
612 2241 751 2304 Gomnen.
766 2241 839 2307 451.
854 2241 888 2300 Β.
907 2241 1073 2320 Hospitem
1087 2237 1120 2296 in
1133 2237 1237 2318 typico

144 2333 201 2386 moi
213 2327 354 2386 Matthaei
372 2327 441 2387 Not.
460 2325 554 2387 eodd.
576 2326 629 2386 Gr.
643 2327 737 2407 Mosq.
757 2326 830 2393 245.
852 2325 887 2386 A
902 2325 1019 2405 longius
1032 2321 1171 2405 persequi
1181 2341 1239 2382 ve·

142 2431 212 2472 reor
224 2433 263 2471 ne
275 2411 414 2492 putidum
428 2409 477 2472 sit.

227 2495 306 2557 ibid.
327 2498 381 2556 liu.
403 2502 455 2564 19.
479 2489 733 2580 περαινθῆσεεαι]
762 2493 892 2556 Adhibet
916 2491 966 2553 hio
988 2491 1152 2573 figuratim,
1180 2511 1238 2572 pro

142 2575 1011 2732 1831118..11112.1381611111
1031 2589 1240 2744 tw:

144 2751 196 2816 75.
213 2751 245 2810 Β.
264 2755 314 2815 76.
330 2751 361 2808 G.
375 2755 427 2816 99.
446 2749 480 2810 A.
495 2751 529 2809 Β.
545 2751 712 2826 Interdum,
733 2759 769 2810 ut
783 2751 859 2809 solet
875 2749 992 2830 passiva
1007 2756 1037 2806 et
1048 2747 1147 2807 medis
1166 2765 1240 2806 oon-

145 2833 285 2901 sundere.
310 2842 433 2914 usurpet
447 2834 579 2894 medium
591 2830 849 2916 περαιωσάμενος,
874 2839 922 2899 10.
937 2833 969 2895 Β.
985 2831 1035 2898 40.
1052 2833 1086 2895 G·
1101 2861 1144 2878 -·
1158 2830 1238 2908 Age*-

143 2917 241 2993 rhina,
262 2918 343 2978 unde
362 2920 420 2978 Leo
439 2919 554 2979 colores
569 2919 673 2994 duxit,
695 2939 811 2999 semper
828 2919 923 2978 utitur
944 2915 1077 2996 possivo:
1105 2911 1157 2978 τόν
1173 2909 1267 2980 nsi-o

144 3004 201 3066 δον
215 3001 408 3084 ἐπεραιοῦντο
424 3005 474 3068 38.
491 3003 526 3064 Α.
543 3002 726 3086 περαιωθεὶς
739 2999 776 3065 soi
792 3004 902 3082 ῥεῖθρα
922 3001 993 3068 140·
1012 2999 1044 3062 C.
1060 2995 1110 3063 τόν
1123 2995 1239 3080 Ἴστρον

142 3087 361 3238 περαιωθὲνιες
373 3093 403 3154 9.
419 3086 454 3150 A.
470 3095 684 3171 repromisisse
699 3092 769 3154 171.
784 3087 817 3150 Β.
829 3082 1116 3169 διαπεραιωθὲνιες,
1137 3095 1238 3142 tram-
1309 3132 1312 3138 .

140 3175 256 3254 gressi,
301 3174 329 3238 5.
345 3173 461 3239 (1154.
477 3173 512 3234 D.
1273 3213 1279 3226 .

229 3255 306 3316 ibid.
330 3259 384 3316 lin.
413 3263 464 3324 20.
489 3251 692 3336 ἆδιόσεισεον]
717 3256 804 3318 Hsno
826 3273 931 3318 vocem
953 3261 1161 3334 praeterquam
1181 3249 1237 3310 illo

144 3342 212 3402 loco
227 3361 373 3421 nusquam
386 3359 433 3400 me
451 3341 547 3419 legere
562 3341 692 3402 memini.
1059 3371 1071 3398 s

120 3475 123 3484 .
228 3429 306 3506 Pag-
322 3430 372 3492 38.
394 3426 448 3484 lin·
470 3431 519 3492 12.
539 3422 590 3490 τόν
600 3425 774 3508 ν’πέρμαχον
786 3421 839 3486 καὶ
850 3416 980 3496 οἲλαζόνα
996 3419 1119 3500 eones]
1135 3417 1237 3502 ‘ruis-

145 3533 236 3592 μαχος
258 3509 308 3568 hic
326 3509 483 3569 invidiose.
525 3511 620 3592 Vulgo
639 3512 718 3571 bono
736 3527 826 3568 sensu
837 3517 1068 3587 propugnator,
1090 3503 1238 3584 dffsrsror,

144 3594 318 3677 praesertim
340 3595 419 3674 apud
430 3593 592 3671 Philonem,
614 3595 666 3675 qui
683 3595 773 3654 modo
795 3593 950 3670 coniungit
967 3611 1036 3650 oum
1056 3585 1238 3674 δορυφόρος,

144 3681 188 3740 De
199 3680 372 3752 confiuione
385 3679 513 3758 linguar.
526 3681 597 3746 257.
604 3681 637 3740 Β.
650 3680 740 3739 modo
748 3699 818 3738 eum
830 3671 1063 3760 προαγωνισιὴς,
1082 3673 1238 3736 Demundi

144 3764 265 3845 opificio
282 3768 331 3830 28.
350 3763 385 3823 A.
405 3764 448 3821 De
461 3763 628 3824 Abrshsmo
647 3769 718 3831 299.
737 3765 770 3823 Β.
792 3765 835 3820 De
853 3759 1028 3841 speeisiibus
1044 3761 1101 3839 leg.
1117 3762 1188 3828 616.
1202 3761 1238 3820 E.

143 3849 181 3908 ln
202 3849 301 3908 Hace.
324 3848 397 3914 765.
416 3847 451 3908 E.
473 3850 569 3908 Semel
589 3849 724 3928 iungitur
747 3867 816 3907 cum
836 3866 911 3906 roos
931 3845 965 3903 in
989 3845 1107 3906 Lexiois
1130 3845 1239 3904 omisso

143 3934 323 4011 fortasseque
345 3943 486 4013 corrupte
510 3928 782 4016 προδιαγανισνῆς,
809 3931 852 3990 De
874 3929 1051 4010 specialibus
1071 3930 1146 4008 legg.
1164 3931 1238 4010 608.

142 4016 176 4077 Β.
195 4019 297 4097 Neque
316 4016 403 4076 slitsr
423 4019 451 4080 S.
475 4018 578 4078 iosnn.
593 4019 745 4098 chrysost.
759 4016 903 4076 Oratione
920 4035 1030 4077 xxm.
1047 4015 1080 4073 in
1098 4014 1238 4088 Genesin,

142 4100 295 4168 12954-
311 4095 369 4192 1γῶ
384 4121 440 4164 σον
454 4101 661 4184 inspersere,
682 4096 765 4167 soin’
781 4101 877 4178 imre,
899 4096 956 4181 lyei
968 4097 1239 4180 όπεραγανίζομαι,

141 4182 200 4332 ἱροὶ
221 4184 391 4266 όπέρριαχος
409 4187 548 4268 γίνομαι·
570 4198 600 4248 et
621 4189 706 4249 Oret.
725 4183 887 4250 11111.iu
907 4183 1029 4244 eandem
1046 4182 1071 4248 i.
1091 4185 1163 4250 318.
1185 4187 1238 4249 17.

163 4266 314 4352 πόρμαχός
326 4288 375 4335 σοι
384 4268 548 4352 γενόμενος,
569 4272 621 4337 noi
633 4277 694 4336 τῶν
705 4263 963 4354 ἐπιβουλευόντων
975 4260 1128 4350 οἶνοόειρον
1144 4269 1177 4342 [1.
1192 4261 1237 4342 oi]

140 4349 321 4438 πεποιηκός.
362 4354 437 4424 lnu
451 4359 482 4422 8.
502 4359 664 4442 Gregorius
679 4355 917 4440 Thaumsturgos
932 4353 1076 4420 Oretioue
1089 4367 1266 4457 pmegyup
