3038 4796
238 303 315 376 866
541 308 806 380 LUITPRANDI
833 307 1032 378 LEGATIO

235 469 383 556 pecunia,
406 489 464 550 qua
485 469 649 550 pollemus,
671 489 773 530 omnes
795 469 930 530 ustiones
952 487 1043 549 super
1064 467 1163 548 ipsam
1185 467 1330 528 invitabi-

235 577 328 648 mus,'
340 581 370 631 et
389 571 474 650 quasi
494 573 683 634 Keramioum
700 566 762 654 ³³),
781 570 815 630 id
838 579 882 630 est
902 591 954 632 vas
971 569 1082 645 fictile,
1105 571 1186 649 quod
1207 571 1331 630 conire-

234 681 319 732 otum
337 673 494 734 reformari
509 675 632 754 nequit,
654 673 884 752 confringemus.
926 675 966 734 Et
985 673 1127 753 quoniam
1143 683 1174 730 ta
1189 673 1222 730 in
1237 668 1345 731 deco-⁴

234 793 405 836 remanum
427 777 570 853 quaedam
585 778 678 858 pallia
695 775 797 835 emisse
812 785 969 854 putamus,
990 785 1027 836 ιιι
1046 775 1080 836 in
1100 773 1231 834 medium
1255 793 1330 853 pro-

234 877 386 954 terantur,
408 877 570 949 edicimus,
598 899 671 957 quae
692 886 761 938 eunt
780 876 866 936 vobis
897 877 1002 956 digna,
1029 876 1166 958 plumbea
1188 881 1331 932 notentur

237 979 339 1056 bulla,
360 978 503 1060 vobisque
518 981 671 1057 sinentur,
694 998 859 1059 quaerero
880 975 1070 1060 saeviens,
1091 978 1125 1036 id
1142 957 1331 1057 estuationi·

207 1080 292 1141 chus
320 1081 474 1159 omnibus,
493 1103 565 1162 prae
590 1082 676 1142 nobis
702 1081 858 1157 Romanis,
887 1080 1054 1161 prohibite,
1080 1077 1178 1160 pretio
1201 1075 1330 1152 reddito,

237 1175 419 1243 auferentur}
462 1183 552 1256 Quod
566 1203 635 1244 eum
650 1183 754 1260 fieret,
774 1184 906 1264 quiaque
922 1183 996 1244 mihi
1010 1179 1238 1266 pretiosissimae
1253 1197 1330 1258 pur-

235 1303 326 1365 purae
354 1283 559 1356 abstulerunt:
587 1286 725 1366 indignos
757 1306 828 1364 voe,
865 1307 1025 1366 omnesque
1055 1283 1161 1358 ltalos,
1189 1283 1330 1358 Saxones,

235 1387 392 1463 Francos,
405 1385 566 1464 Bagoarios
582 1382 643 1468 ³⁴),
672 1391 801 1468 Suevos,
822 1390 913 1448 inmo
933 1397 1054 1448 cunctas
1072 1383 1210 1446 nationes
1224 1381 1330 1442 huius-

234 1487 318 1546 modi
333 1497 416 1549 veste
430 1496 551 1548 ornatos
566 1488 704 1551 incedere
717 1490 894 1552 iudicantes.
938 1488 1028 1563 Quod
1042 1507 1131 1568 quem
1145 1486 1331 1562 indecorum,
1346 1542 1349 1547 .

237 1609 384 1670 quamque
408 1589 656 1650 contumeliosum
676 1593 732 1670 ait,
762 1593 881 1669 molles,
909 1591 1128 1665 effoeminatos,
1157 1589 1330 1662 manicatos,

235 1691 374 1768 tiaratos,
400 1693 586 1770 teristratae,
608 1694 781 1772 mendaces,
802 1704 923 1754 neutros
939 1693 999 1766 ³⁶),
1028 1691 1159 1767 desides,
1181 1707 1330 1770 purpura-

236 1802 284 1854 tos
297 1794 452 1870 incedere,
475 1794 580 1855 heroas
597 1816 687 1873 vcro,
707 1795 790 1857 viros
805 1797 919 1856 scilicet
935 1798 1046 1875 sortes,
1067 1795 1194 1854 scientos
1208 1793 1332 1865 bellum,

235 1895 321 1972 fidei,
345 1895 557 1977 charitatisque
570 1898 684 1978 plenos,
707 1899 768 1958 Deo
784 1898 928 1973 subditos,
948 1899 1112 1959 virtutibus
1127 1897 1233 1976 plenos
1250 1913 1330 1953 non:

235 1996 311 2076 quid
336 2007 395 2070 cat,
424 1998 451 2056 si
472 2019 534 2058 non
557 1999 632 2059 haec
652 2001 833 2062 contumelia
854 2001 920 2062 esti
956 2002 1014 2060 Sed
1033 2000 1087 2060 ubi
1108 2011 1169 2078 eat,
1197 1999 1331 2078 inquam,

208 2099 452 2180 Dlmperstorius
472 2101 592 2160 sermo'l
624 2103 678 2162 ubi
694 2103 860 2184 Imperielis
881 2101 1060 2184 promissio?
1091 2123 1160 2162 cum
1184 2102 1263 2160 enim
1283 2098 1333 2158 illi

235 2202 448 2281 valedicerem,
476 2205 596 2283 rogavi,
625 2215 661 2264 ut
682 2205 715 2265 in
737 2207 886 2266 Ecclesiae
907 2205 1052 2266 honorem
1072 2204 1223 2284 quantivis
1240 2200 1334 2284 pretii

235 2324 283 2364 me
305 2305 490 2385 permitteret
516 2307 608 2388 pallia
632 2327 737 2370 emere.
788 2309 849 2383 Qui
868 2309 925 2383 ait,
955 2307 1119 2387 qualisvis
1144 2315 1174 2365 ct
1197 2309 1332 2384 quintal

235 2403 377 2486 ποιότητα
388 2407 441 2470 καὶ
455 2403 619 2488 ποσότητα,
648 2409 682 2470 id
700 2421 745 2470 eet
766 2411 939 2491 qualitatem
960 2418 990 2468 et
1008 2407 1203 2487 quantitatem
1215 2425 1331 2488 ponens

236 2507 434 2568 differentiani
446 2510 536 2589 plane
552 2530 614 2568 non
633 2509 750 2590 posuit,
771 2520 807 2570 ut
827 2510 956 2589 diecret,
978 2509 1043 2586 hie,
1065 2518 1096 2569 et
1111 2509 1171 2568 illis
1187 2508 1328 2589 exceptis.

236 2609 332 2670 Testis
347 2620 392 2670 est
409 2611 467 2670 Leo
483 2612 656 2692 Coropletes
674 2612 767 2671 frater
783 2611 845 2672 eius
854 2633 863 2689 ;
886 2612 1028 2673 tertiaeet
1044 2621 1073 2672 et
1087 2611 1236 2692 interpres
1246 2611 1331 2672 livo-

237 2712 347 2790 dicius,
369 2713 503 2791 loannes,
525 2716 691 2791 Romanus,
712 2715 796 2775 testie
810 2736 875 2775 eum
889 2713 962 2795 ipse,
985 2714 1045 2794 qui,
1058 2713 1154 2794 ,quod
1167 2711 1332 2794 Imperator

237 2815 368 2893 diceret,
398 2813 535 2876 etiamsi
562 2813 710 2895 interpres
734 2817 846 2877 abesset
853 2863 862 2896 ,
884 2815 1020 2876 intellexi
1027 2837 1036 2892 ;
1065 2797 1118 2876 sed
1145 2808 1331 2896 uoioo'pevc,

236 2917 271 2978 id
285 2927 330 2978 est
342 2917 493 3000 prohibite
508 2915 672 2994 suntlmec,
693 2918 846 3000 inquiunt.
887 2919 926 2978 Et
943 2938 1019 2994 cum,
1042 2937 1118 2998 quae
1131 2919 1247 2994 asseris,
1268 2916 1333 2975 lm-

236 3030 359 3102 perntor
372 3021 498 3097 diceret,
521 3019 558 3080 dc
575 3019 685 3080 talibus
697 3021 818 3099 saltem,
840 3030 875 3080 ut
888 3021 1067 3099 somniares,
1090 3039 1151 3078 nou
1165 3019 1264 3099 potuit
1278 3038 1332 3076 co·

237 3124 345 3202 gitare:
374 3133 410 3184 ut
439 3125 518 3184 enim
545 3122 677 3200 divitiis,
704 3124 864 3204 sapientis;
890 3123 932 3183 ita
958 3133 988 3183 et
1015 3122 1136 3183 coeteris
1159 3121 1332 3182 nationibus

207 3235 388 3306 Epraestere
407 3235 489 3288 veste
508 3225 662 3286 debemus=
684 3237 720 3286 ut
738 3227 847 3307 quibus
868 3235 913 3286 eet
934 3225 1093 3305 singularia
1113 3223 1146 3282 in
1168 3221 1332 3284 virtutibus

235 3330 345 3407 gretie,
367 3329 407 3388 sit
429 3327 588 3407 singularis
613 3337 642 3386 ct
657 3327 692 3387 in
713 3329 917 3414 pulcritudine
938 3328 1040 3390 vestis.
1078 3324 1333 3403 Haudquaquam

236 3429 411 3509 singularis,
433 3431 580 3512 inquam,
594 3429 849 3492 hsecveetisfieri
863 3438 978 3512 potest,
998 3446 1169 3506 campense
1185 3445 1242 3484 nos
1257 3425 1334 3486 obo-

236 3532 328 3592 lariae
343 3533 482 3594 mulieres
504 3544 534 3593 et
547 3534 812 3626 mandrogeruntes
825 3531 871 3592 lais
887 3539 1020 3592 utentur.
1065 3527 1161 3606 Unde,
1183 3527 1333 3606 inquiunt,

237 3633 348 3696 vobie'l
370 3635 397 3694 Δ
417 3635 583 3741 veneticis,
607 3645 637 3696 et
653 3604 869 3716 Auialplritenis
895 3633 1084 3694 institoribus
1091 3676 1100 3709 ,
1122 3631 1260 3710 inquam,
1282 3628 1334 3709 qui

235 3737 348 3797 nostrie
361 3757 403 3815 ex
415 3704 609 3816 victualilius,
629 3737 705 3798 haec
718 3737 841 3799 serendo
856 3735 961 3812 nobie,
979 3737 1078 3797 vitam
1085 3733 1225 3792 nutriunt
1238 3751 1334 3792 suam.

236 3839 296 3899 Sed
308 3859 371 3898 non
387 3840 514 3920 amplius
532 3838 591 3900 hoc
604 3842 729 3917 facient,
757 3840 852 3899 aiunt.
895 3837 1115 3898 scrutabuntur
1127 3834 1232 3914 plone,
1257 3842 1288 3892 et
1307 3831 1335 3891 si

238 3939 313 4020 quid
325 3939 500 4004 huiusmodi
512 3943 669 4004 incentum
685 3942 785 4020 fuerit,
805 3941 980 4002 verberibus
997 3957 1110 4016 comus,
1132 3937 1215 3996 crine
1228 3937 1335 3994 torisua

236 4063 349 4124 poenas
365 4043 456 4108 dabit.
499 4046 709 4128 Temporibus,
729 4045 869 4125 inquam,
890 4043 992 4106 beatae
1008 4038 1166 4103 memoriae
1186 4039 1336 4098 Constru-

272 4195 321 4265 33)
309 4195 573 4336 mffltpibfpc
647 4195 697 4267 ot)
719 4194 955 4274 AliaaBoioan'qe.
975 4195 1059 4250 Mar.
1126 4189 1176 4259 85)
1199 4185 1336 4244 Eunuchos

410 4285 418 4319 l
