<?xml version="1.0" encoding="UTF-8"?>
<!DOCTYPE html PUBLIC "-//W3C//DTD XHTML 1.0 Transitional//EN"
    "http://www.w3.org/TR/xhtml1/DTD/xhtml1-transitional.dtd">
<html xmlns="http://www.w3.org/1999/xhtml" xml:lang="en" lang="en">
 <head>
  <title>
</title>
<meta http-equiv="Content-Type" content="text/html;charset=utf-8" />
  <meta name='ocr-system' content='tesseract 3.04.00' />
  <meta name='ocr-capabilities' content='ocr_page ocr_carea ocr_par ocr_line ocrx_word'/>
</head>
<body>
  <div class='ocr_page' id='page_1' title='image "./leonisdiaconica00liudgoog/leonisdiaconica00liudgoog_0426.png"; bbox 0 0 3038 4796; ppageno 0'>
   <div class='ocr_carea' id='block_1_1' title="bbox 257 344 1156 422">
    <p class='ocr_par' dir='ltr' id='par_1_1' title="bbox 257 344 1156 422">
     <span class='ocr_line' id='line_1_1' title="bbox 257 344 1156 422; baseline 0.001 -2"><span class='ocrx_word' id='word_1_1' title='bbox 257 347 334 420; x_wconf 75' lang='lat'>382</span> <span class='ocrx_word' id='word_1_2' title='bbox 437 347 672 420; x_wconf 81' lang='lat' dir='ltr'>EXCERPTA</span> <span class='ocrx_word' id='word_1_3' title='bbox 690 346 754 418; x_wconf 88' lang='lat' dir='ltr'>EX</span> <span class='ocrx_word' id='word_1_4' title='bbox 774 344 946 420; x_wconf 86' lang='lat' dir='ltr'>HISTOR.</span> <span class='ocrx_word' id='word_1_5' title='bbox 969 349 1156 422; x_wconf 75' lang='lat' dir='ltr'>ARABUM</span> 
     </span>
    </p>
   </div>
   <div class='ocr_carea' id='block_1_2' title="bbox 232 499 1406 2657">
    <p class='ocr_par' dir='ltr' id='par_1_2' title="bbox 232 499 1366 785">
     <span class='ocr_line' id='line_1_2' title="bbox 254 499 1366 598; baseline 0.002 -23"><span class='ocrx_word' id='word_1_6' title='bbox 254 525 356 580; x_wconf 75' lang='lat' dir='ltr'>tutam</span> <span class='ocrx_word' id='word_1_7' title='bbox 368 511 497 598; x_wconf 84' lang='lat' dir='ltr'>proiecti</span> <span class='ocrx_word' id='word_1_8' title='bbox 512 515 574 579; x_wconf 95' lang='grc'>800</span> <span class='ocrx_word' id='word_1_9' title='bbox 585 499 723 572; x_wconf 89' lang='lat' dir='ltr'>homines</span> <span class='ocrx_word' id='word_1_10' title='bbox 735 527 804 572; x_wconf 85' lang='lat' dir='ltr'>cunr</span> <span class='ocrx_word' id='word_1_11' title='bbox 817 508 911 570; x_wconf 85' lang='lat' dir='ltr'>multa</span> <span class='ocrx_word' id='word_1_12' title='bbox 922 509 1036 591; x_wconf 88' lang='lat' dir='ltr'>praeda</span> <span class='ocrx_word' id='word_1_13' title='bbox 1046 509 1219 592; x_wconf 82' lang='lat' dir='ltr'>abegerunt.</span> <span class='ocrx_word' id='word_1_14' title='bbox 1262 513 1366 591; x_wconf 83' lang='lat' dir='ltr'>Quum</span> 
     </span>
     <span class='ocr_line' id='line_1_3' title="bbox 232 613 1364 700; baseline -0.001 -16"><span class='ocrx_word' id='word_1_15' title='bbox 232 665 237 700; x_wconf 84' lang='lat'>,</span> <span class='ocrx_word' id='word_1_16' title='bbox 255 620 421 684; x_wconf 81' lang='lat' dir='ltr'>Hamadam</span> <span class='ocrx_word' id='word_1_17' title='bbox 437 614 658 679; x_wconf 82' lang='lat' dir='ltr'>habitatoribus</span> <span class='ocrx_word' id='word_1_18' title='bbox 671 633 800 676; x_wconf 83' lang='lat' dir='ltr'>vacuam</span> <span class='ocrx_word' id='word_1_19' title='bbox 812 613 1015 692; x_wconf 80' lang='lat' dir='ltr'>invenissent,</span> <span class='ocrx_word' id='word_1_20' title='bbox 1035 613 1106 695; x_wconf 83' lang='lat' dir='ltr'>igne</span> <span class='ocrx_word' id='word_1_21' title='bbox 1115 618 1205 679; x_wconf 89' lang='lat' dir='ltr'>tectis</span> <span class='ocrx_word' id='word_1_22' title='bbox 1217 619 1364 700; x_wconf 86' lang='lat' dir='ltr'>subiecto,</span> 
     </span>
     <span class='ocr_line' id='line_1_4' title="bbox 255 724 403 785; baseline -0.02 0"><span class='ocrx_word' id='word_1_23' title='bbox 255 724 403 785; x_wconf 85' lang='lat' dir='ltr'>abierunt.</span> 
     </span>
    </p>

    <p class='ocr_par' dir='ltr' id='par_1_3' title="bbox 255 819 1406 2146">
     <span class='ocr_line' id='line_1_5' title="bbox 342 819 1366 904; baseline -0.003 -17"><span class='ocrx_word' id='word_1_24' title='bbox 342 824 446 887; x_wconf 77' lang='lat' dir='ltr'><strong>Paullo</strong></span> <span class='ocrx_word' id='word_1_25' title='bbox 466 830 536 904; x_wconf 87' lang='lat' dir='ltr'>post</span> <span class='ocrx_word' id='word_1_26' title='bbox 551 819 756 902; x_wconf 87' lang='lat' dir='ltr'>Nicephorus,</span> <span class='ocrx_word' id='word_1_27' title='bbox 777 819 981 882; x_wconf 83' lang='lat' dir='ltr'>Romanorum</span> <span class='ocrx_word' id='word_1_28' title='bbox 999 841 1070 899; x_wconf 85' lang='lat' dir='ltr'>rex,</span> <span class='ocrx_word' id='word_1_29' title='bbox 1091 821 1286 898; x_wconf 71' lang='lat' dir='ltr'>Antiochiam</span> <span class='ocrx_word' id='word_1_30' title='bbox 1305 823 1366 884; x_wconf 91' lang='lat' dir='ltr'>ob-</span> 
     </span>
     <span class='ocr_line' id='line_1_6' title="bbox 255 923 1366 1007; baseline -0.003 -14"><span class='ocrx_word' id='word_1_31' title='bbox 255 930 334 993; x_wconf 86' lang='lat' dir='ltr'>sedit</span> <span class='ocrx_word' id='word_1_32' title='bbox 349 939 380 990; x_wconf 88' lang='lat' dir='ltr'>et</span> <span class='ocrx_word' id='word_1_33' title='bbox 391 928 464 989; x_wconf 88' lang='lat' dir='ltr'>indo</span> <span class='ocrx_word' id='word_1_34' title='bbox 478 923 616 1007; x_wconf 85' lang='lat' dir='ltr'>Tripolin</span> <span class='ocrx_word' id='word_1_35' title='bbox 633 923 784 1004; x_wconf 87' lang='lat' dir='ltr'>perrexit,</span> <span class='ocrx_word' id='word_1_36' title='bbox 802 923 857 982; x_wconf 90' lang='lat' dir='ltr'>ubi</span> <span class='ocrx_word' id='word_1_37' title='bbox 875 925 976 984; x_wconf 90' lang='lat' dir='ltr'>omnia</span> <span class='ocrx_word' id='word_1_38' title='bbox 992 924 1128 986; x_wconf 88' lang='lat' dir='ltr'>aedificia</span> <span class='ocrx_word' id='word_1_39' title='bbox 1143 936 1227 988; x_wconf 85' lang='lat' dir='ltr'>extra</span> <span class='ocrx_word' id='word_1_40' title='bbox 1242 947 1366 990; x_wconf 83' lang='lat' dir='ltr'>murum</span> 
     </span>
     <span class='ocr_line' id='line_1_7' title="bbox 256 1027 1367 1112; baseline -0.004 -16"><span class='ocrx_word' id='word_1_41' title='bbox 256 1035 316 1096; x_wconf 90' lang='lat' dir='ltr'>sita</span> <span class='ocrx_word' id='word_1_42' title='bbox 332 1027 506 1094; x_wconf 87' lang='lat' dir='ltr'>combussit.</span> <span class='ocrx_word' id='word_1_43' title='bbox 550 1027 624 1086; x_wconf 88' lang='lat' dir='ltr'>Inde</span> <span class='ocrx_word' id='word_1_44' title='bbox 641 1027 797 1108; x_wconf 85' lang='lat' dir='ltr'>proiectus</span> <span class='ocrx_word' id='word_1_45' title='bbox 813 1045 912 1086; x_wconf 88' lang='lat' dir='ltr'>arcem</span> <span class='ocrx_word' id='word_1_46' title='bbox 927 1027 1025 1088; x_wconf 84' lang='lat' dir='ltr'>Gazae</span> <span class='ocrx_word' id='word_1_47' title='bbox 1038 1029 1113 1090; x_wconf 91' lang='lat' dir='ltr'>bene</span> <span class='ocrx_word' id='word_1_48' title='bbox 1123 1031 1271 1092; x_wconf 86' lang='lat' dir='ltr'>munitam</span> <span class='ocrx_word' id='word_1_49' title='bbox 1285 1031 1367 1112; x_wconf 82' lang='lat' dir='ltr'>cepit</span> 
     </span>
     <span class='ocr_line' id='line_1_8' title="bbox 256 1129 1365 1215; baseline -0.002 -17"><span class='ocrx_word' id='word_1_50' title='bbox 256 1147 287 1198; x_wconf 88' lang='lat' dir='ltr'>et</span> <span class='ocrx_word' id='word_1_51' title='bbox 304 1155 442 1215; x_wconf 85' lang='lat' dir='ltr'>magnam</span> <span class='ocrx_word' id='word_1_52' title='bbox 456 1150 620 1193; x_wconf 86' lang='lat' dir='ltr'>numorum</span> <span class='ocrx_word' id='word_1_53' title='bbox 637 1129 701 1191; x_wconf 81' lang='lat' dir='ltr'>vim</span> <span class='ocrx_word' id='word_1_54' title='bbox 715 1149 754 1190; x_wconf 81' lang='lat' dir='ltr'>ex</span> <span class='ocrx_word' id='word_1_55' title='bbox 768 1150 801 1190; x_wconf 90' lang='lat' dir='ltr'>es</span> <span class='ocrx_word' id='word_1_56' title='bbox 818 1129 934 1209; x_wconf 82' lang='lat' dir='ltr'>egessit</span> <span class='ocrx_word' id='word_1_57' title='bbox 976 1131 1090 1192; x_wconf 79' lang='lat' dir='ltr'>Deinde</span> <span class='ocrx_word' id='word_1_58' title='bbox 1104 1132 1185 1196; x_wconf 86' lang='lat' dir='ltr'>iuter</span> <span class='ocrx_word' id='word_1_59' title='bbox 1196 1133 1365 1196; x_wconf 79' lang='lat' dir='ltr'>Homadena</span> 
     </span>
     <span class='ocr_line' id='line_1_9' title="bbox 258 1217 1365 1318; baseline -0.003 -17"><span class='ocrx_word' id='word_1_60' title='bbox 258 1251 289 1301; x_wconf 90' lang='lat' dir='ltr'>et</span> <span class='ocrx_word' id='word_1_61' title='bbox 304 1239 452 1299; x_wconf 87' lang='lat' dir='ltr'>Halebum</span> <span class='ocrx_word' id='word_1_62' title='bbox 467 1232 619 1308; x_wconf 75' lang='lat' dir='ltr'><strong>consedit,</strong></span> <span class='ocrx_word' id='word_1_63' title='bbox 645 1232 699 1296; x_wconf 88' lang='lat' dir='ltr'>ubi</span> <span class='ocrx_word' id='word_1_64' title='bbox 715 1233 792 1294; x_wconf 83' lang='lat' dir='ltr'>duos</span> <span class='ocrx_word' id='word_1_65' title='bbox 810 1217 928 1294; x_wconf 79' lang='lat' dir='ltr'>menaea</span> <span class='ocrx_word' id='word_1_66' title='bbox 943 1243 1144 1296; x_wconf 80' lang='lat' dir='ltr'>commoratur</span> <span class='ocrx_word' id='word_1_67' title='bbox 1160 1247 1214 1300; x_wconf 83' lang='lat' dir='ltr'>cat.</span> <span class='ocrx_word' id='word_1_68' title='bbox 1260 1237 1365 1318; x_wconf 85' lang='lat' dir='ltr'>Capti·</span> 
     </span>
     <span class='ocr_line' id='line_1_10' title="bbox 257 1335 1365 1422; baseline -0.004 -18"><span class='ocrx_word' id='word_1_69' title='bbox 257 1341 345 1404; x_wconf 79' lang='lat' dir='ltr'>vanti</span> <span class='ocrx_word' id='word_1_70' title='bbox 360 1349 389 1400; x_wconf 91' lang='lat' dir='ltr'>et</span> <span class='ocrx_word' id='word_1_71' title='bbox 403 1335 558 1417; x_wconf 79' lang='lat' dir='ltr'>diripienti</span> <span class='ocrx_word' id='word_1_72' title='bbox 573 1355 660 1395; x_wconf 91' lang='lat' dir='ltr'>nemo</span> <span class='ocrx_word' id='word_1_73' title='bbox 674 1345 753 1414; x_wconf 90' lang='lat' dir='ltr'>erat,</span> <span class='ocrx_word' id='word_1_74' title='bbox 782 1338 834 1417; x_wconf 88' lang='lat' dir='ltr'>qui</span> <span class='ocrx_word' id='word_1_75' title='bbox 850 1344 1031 1398; x_wconf 86' lang='lat' dir='ltr'>occurreret.</span> <span class='ocrx_word' id='word_1_76' title='bbox 1052 1353 1054 1364; x_wconf 75' lang='lat'>¹</span> <span class='ocrx_word' id='word_1_77' title='bbox 1073 1337 1256 1417; x_wconf 84' lang='lat' dir='ltr'>Puerorum,</span> <span class='ocrx_word' id='word_1_78' title='bbox 1277 1341 1365 1422; x_wconf 90' lang='lat' dir='ltr'>puel-</span> 
     </span>
     <span class='ocr_line' id='line_1_11' title="bbox 256 1439 1364 1528; baseline 0 -25"><span class='ocrx_word' id='word_1_79' title='bbox 256 1445 435 1522; x_wconf 86' lang='lat' dir='ltr'>larumque,</span> <span class='ocrx_word' id='word_1_80' title='bbox 459 1440 511 1520; x_wconf 90' lang='lat' dir='ltr'>qui</span> <span class='ocrx_word' id='word_1_81' title='bbox 532 1439 613 1520; x_wconf 90' lang='lat' dir='ltr'>apud</span> <span class='ocrx_word' id='word_1_82' title='bbox 629 1459 695 1499; x_wconf 90' lang='lat' dir='ltr'>eum</span> <span class='ocrx_word' id='word_1_83' title='bbox 712 1439 810 1500; x_wconf 85' lang='lat' dir='ltr'>vincti</span> <span class='ocrx_word' id='word_1_84' title='bbox 829 1450 930 1519; x_wconf 88' lang='lat' dir='ltr'>erant,</span> <span class='ocrx_word' id='word_1_85' title='bbox 949 1445 1088 1528; x_wconf 57' lang='grc'>000000</span> <span class='ocrx_word' id='word_1_86' title='bbox 1102 1451 1257 1502; x_wconf 86' lang='lat' dir='ltr'>numerata</span> <span class='ocrx_word' id='word_1_87' title='bbox 1277 1453 1364 1520; x_wconf 80' lang='lat' dir='ltr'>sunt3</span> 
     </span>
     <span class='ocr_line' id='line_1_12' title="bbox 258 1542 1367 1627; baseline -0.001 -21"><span class='ocrx_word' id='word_1_88' title='bbox 258 1547 339 1608; x_wconf 87' lang='lat' dir='ltr'>inter</span> <span class='ocrx_word' id='word_1_89' title='bbox 353 1564 429 1624; x_wconf 89' lang='lat' dir='ltr'>quos</span> <span class='ocrx_word' id='word_1_90' title='bbox 447 1563 510 1604; x_wconf 92' lang='lat' dir='ltr'>non</span> <span class='ocrx_word' id='word_1_91' title='bbox 525 1553 590 1603; x_wconf 86' lang='lat' dir='ltr'>erat</span> <span class='ocrx_word' id='word_1_92' title='bbox 603 1542 653 1603; x_wconf 86' lang='lat' dir='ltr'>vir</span> <span class='ocrx_word' id='word_1_93' title='bbox 668 1561 760 1602; x_wconf 85' lang='lat' dir='ltr'>senex</span> <span class='ocrx_word' id='word_1_94' title='bbox 775 1553 827 1602; x_wconf 87' lang='lat' dir='ltr'>aut</span> <span class='ocrx_word' id='word_1_95' title='bbox 844 1565 937 1604; x_wconf 83' lang='lat' dir='ltr'>senex</span> <span class='ocrx_word' id='word_1_96' title='bbox 955 1545 1081 1622; x_wconf 77' lang='lat' dir='ltr'>semina5</span> <span class='ocrx_word' id='word_1_97' title='bbox 1104 1565 1174 1606; x_wconf 87' lang='lat' dir='ltr'>nam</span> <span class='ocrx_word' id='word_1_98' title='bbox 1186 1544 1243 1606; x_wconf 85' lang='lat' dir='ltr'>hos</span> <span class='ocrx_word' id='word_1_99' title='bbox 1253 1546 1367 1627; x_wconf 85' lang='lat' dir='ltr'>partim</span> 
     </span>
     <span class='ocr_line' id='line_1_13' title="bbox 258 1646 1367 1728; baseline -0.003 -18"><span class='ocrx_word' id='word_1_100' title='bbox 258 1649 390 1726; x_wconf 78' lang='lat' dir='ltr'>occidit,</span> <span class='ocrx_word' id='word_1_101' title='bbox 412 1646 524 1728; x_wconf 88' lang='lat' dir='ltr'>partim</span> <span class='ocrx_word' id='word_1_102' title='bbox 542 1647 655 1707; x_wconf 88' lang='lat' dir='ltr'>liberos</span> <span class='ocrx_word' id='word_1_103' title='bbox 676 1647 798 1707; x_wconf 83' lang='lat' dir='ltr'>dimisit.</span> <span class='ocrx_word' id='word_1_104' title='bbox 840 1647 906 1708; x_wconf 84' lang='lat' dir='ltr'>Nisi</span> <span class='ocrx_word' id='word_1_105' title='bbox 927 1647 1095 1708; x_wconf 70' lang='lat' dir='ltr'>mortalitas</span> <span class='ocrx_word' id='word_1_106' title='bbox 1111 1649 1259 1709; x_wconf 86' lang='lat' dir='ltr'>Romanos</span> <span class='ocrx_word' id='word_1_107' title='bbox 1272 1648 1367 1708; x_wconf 88' lang='lat' dir='ltr'>inva-</span> 
     </span>
     <span class='ocr_line' id='line_1_14' title="bbox 259 1749 1366 1832; baseline -0.005 -18"><span class='ocrx_word' id='word_1_108' title='bbox 259 1753 365 1829; x_wconf 83' lang='lat' dir='ltr'>sisset,</span> <span class='ocrx_word' id='word_1_109' title='bbox 394 1751 492 1810; x_wconf 84' lang='lat' dir='ltr'>etiam</span> <span class='ocrx_word' id='word_1_110' title='bbox 503 1749 652 1810; x_wconf 86' lang='lat' dir='ltr'>Halebum</span> <span class='ocrx_word' id='word_1_111' title='bbox 679 1758 709 1808; x_wconf 92' lang='lat' dir='ltr'>et</span> <span class='ocrx_word' id='word_1_112' title='bbox 727 1749 919 1810; x_wconf 78' lang='lat' dir='ltr'>Antiochiam</span> <span class='ocrx_word' id='word_1_113' title='bbox 944 1749 1080 1830; x_wconf 81' lang='lat' dir='ltr'>cepisset.</span> <span class='ocrx_word' id='word_1_114' title='bbox 1127 1750 1366 1832; x_wconf 74' lang='lat' dir='ltr'>Hierosolymam</span> 
     </span>
     <span class='ocr_line' id='line_1_15' title="bbox 259 1853 1406 1944; baseline -0.001 -29"><span class='ocrx_word' id='word_1_115' title='bbox 259 1872 381 1936; x_wconf 87' lang='lat' dir='ltr'>quoque</span> <span class='ocrx_word' id='word_1_116' title='bbox 399 1854 508 1913; x_wconf 86' lang='lat' dir='ltr'>faciens</span> <span class='ocrx_word' id='word_1_117' title='bbox 530 1861 736 1928; x_wconf 87' lang='lat' dir='ltr'>converterat,</span> <span class='ocrx_word' id='word_1_118' title='bbox 766 1871 911 1944; x_wconf 83' lang='lat' dir='ltr'>quorsum</span> <span class='ocrx_word' id='word_1_119' title='bbox 929 1861 1047 1930; x_wconf 85' lang='lat' dir='ltr'>tamen,</span> <span class='ocrx_word' id='word_1_120' title='bbox 1077 1853 1149 1933; x_wconf 90' lang='lat' dir='ltr'>quia</span> <span class='ocrx_word' id='word_1_121' title='bbox 1170 1854 1280 1914; x_wconf 80' lang='lat' dir='ltr'>milites</span> <span class='ocrx_word' id='word_1_122' title='bbox 1301 1853 1367 1915; x_wconf 79' lang='lat' dir='ltr'>eiua</span> <span class='ocrx_word' id='word_1_123' title='bbox 1399 1921 1406 1926; x_wconf 58' lang='grc'><strong>,</strong></span> 
     </span>
     <span class='ocr_line' id='line_1_16' title="bbox 260 1953 1366 2039; baseline -0.002 -21"><span class='ocrx_word' id='word_1_124' title='bbox 260 1960 351 2018; x_wconf 90' lang='lat' dir='ltr'>caede</span> <span class='ocrx_word' id='word_1_125' title='bbox 364 1967 481 2039; x_wconf 88' lang='lat' dir='ltr'>patrata</span> <span class='ocrx_word' id='word_1_126' title='bbox 497 1955 652 2036; x_wconf 83' lang='lat' dir='ltr'>defatigati</span> <span class='ocrx_word' id='word_1_127' title='bbox 669 1965 699 2016; x_wconf 93' lang='lat' dir='ltr'>et</span> <span class='ocrx_word' id='word_1_128' title='bbox 715 1953 829 2036; x_wconf 86' lang='lat' dir='ltr'>praeda</span> <span class='ocrx_word' id='word_1_129' title='bbox 843 1975 951 2034; x_wconf 86' lang='lat' dir='ltr'>magna</span> <span class='ocrx_word' id='word_1_130' title='bbox 967 1955 1069 2016; x_wconf 90' lang='lat' dir='ltr'>onusti</span> <span class='ocrx_word' id='word_1_131' title='bbox 1083 1965 1183 2034; x_wconf 84' lang='lat' dir='ltr'>erant,</span> <span class='ocrx_word' id='word_1_132' title='bbox 1205 1957 1287 2018; x_wconf 89' lang='lat' dir='ltr'>abire</span> <span class='ocrx_word' id='word_1_133' title='bbox 1301 1975 1366 2018; x_wconf 87' lang='lat' dir='ltr'>non</span> 
     </span>
     <span class='ocr_line' id='line_1_17' title="bbox 258 2063 1061 2146; baseline -0.002 -23"><span class='ocrx_word' id='word_1_134' title='bbox 258 2063 369 2146; x_wconf 85' lang='lat' dir='ltr'>potuit.</span> <span class='ocrx_word' id='word_1_135' title='bbox 1059 2091 1061 2102; x_wconf 93' lang='lat'>·</span> 
     </span>
    </p>

    <p class='ocr_par' dir='ltr' id='par_1_4' title="bbox 257 2159 1369 2657">
     <span class='ocr_line' id='line_1_18' title="bbox 342 2159 1366 2243; baseline -0.005 -16"><span class='ocrx_word' id='word_1_136' title='bbox 342 2166 550 2238; x_wconf 76' lang='lat' dir='ltr'>Ann01280,</span> <span class='ocrx_word' id='word_1_137' title='bbox 573 2160 624 2243; x_wconf 89' lang='lat' dir='ltr'>qui</span> <span class='ocrx_word' id='word_1_138' title='bbox 640 2173 686 2220; x_wconf 85' lang='lat' dir='ltr'>est</span> <span class='ocrx_word' id='word_1_139' title='bbox 707 2159 839 2222; x_wconf 78' lang='lat' dir='ltr'>Arabum</span> <span class='ocrx_word' id='word_1_140' title='bbox 857 2163 936 2239; x_wconf 79' lang='lat'>359,</span> <span class='ocrx_word' id='word_1_141' title='bbox 956 2161 1084 2222; x_wconf 87' lang='lat' dir='ltr'>Romani</span> <span class='ocrx_word' id='word_1_142' title='bbox 1100 2183 1171 2224; x_wconf 87' lang='lat' dir='ltr'>eum</span> <span class='ocrx_word' id='word_1_143' title='bbox 1188 2159 1366 2223; x_wconf 87' lang='lat' dir='ltr'>Christiania</span> 
     </span>
     <span class='ocr_line' id='line_1_19' title="bbox 258 2261 1368 2350; baseline -0.005 -19"><span class='ocrx_word' id='word_1_144' title='bbox 258 2270 339 2331; x_wconf 88' lang='lat' dir='ltr'>arcis</span> <span class='ocrx_word' id='word_1_145' title='bbox 360 2270 460 2329; x_wconf 83' lang='lat' dir='ltr'>Lucae</span> <span class='ocrx_word' id='word_1_146' title='bbox 480 2285 578 2350; x_wconf 88' lang='lat' dir='ltr'>prope</span> <span class='ocrx_word' id='word_1_147' title='bbox 598 2261 790 2325; x_wconf 75' lang='lat' dir='ltr'>Antiochiam</span> <span class='ocrx_word' id='word_1_148' title='bbox 814 2264 887 2324; x_wconf 85' lang='lat' dir='ltr'>sitas</span> <span class='ocrx_word' id='word_1_149' title='bbox 907 2265 1135 2346; x_wconf 73' lang='lat' dir='ltr'>conspirarunt,</span> <span class='ocrx_word' id='word_1_150' title='bbox 1166 2267 1368 2346; x_wconf 85' lang='lat' dir='ltr'>convenitque</span> 
     </span>
     <span class='ocr_line' id='line_1_20' title="bbox 257 2366 1368 2450; baseline -0.005 -16"><span class='ocrx_word' id='word_1_151' title='bbox 257 2375 341 2434; x_wconf 85' lang='lat' dir='ltr'>inter</span> <span class='ocrx_word' id='word_1_152' title='bbox 363 2393 429 2450; x_wconf 89' lang='lat' dir='ltr'>eos,</span> <span class='ocrx_word' id='word_1_153' title='bbox 452 2381 489 2431; x_wconf 83' lang='lat' dir='ltr'>ut</span> <span class='ocrx_word' id='word_1_154' title='bbox 507 2369 541 2430; x_wconf 92' lang='lat' dir='ltr'>hi</span> <span class='ocrx_word' id='word_1_155' title='bbox 561 2366 752 2429; x_wconf 85' lang='lat' dir='ltr'>Antiochiam</span> <span class='ocrx_word' id='word_1_156' title='bbox 773 2367 1018 2447; x_wconf 80' lang='lat' dir='ltr'>ingrederentur,</span> <span class='ocrx_word' id='word_1_157' title='bbox 1047 2389 1138 2449; x_wconf 86' lang='lat' dir='ltr'>sequa</span> <span class='ocrx_word' id='word_1_158' title='bbox 1156 2379 1241 2430; x_wconf 87' lang='lat' dir='ltr'>metu</span> <span class='ocrx_word' id='word_1_159' title='bbox 1254 2369 1368 2430; x_wconf 84' lang='lat' dir='ltr'>Boma-</span> 
     </span>
     <span class='ocr_line' id='line_1_21' title="bbox 259 2471 1368 2554; baseline -0.004 -19"><span class='ocrx_word' id='word_1_160' title='bbox 259 2495 371 2536; x_wconf 88' lang='lat' dir='ltr'>norum</span> <span class='ocrx_word' id='word_1_161' title='bbox 391 2475 542 2554; x_wconf 82' lang='lat' dir='ltr'>aufugisse</span> <span class='ocrx_word' id='word_1_162' title='bbox 565 2471 769 2551; x_wconf 83' lang='lat' dir='ltr'>significarent</span> <span class='ocrx_word' id='word_1_163' title='bbox 789 2479 897 2549; x_wconf 87' lang='lat' dir='ltr'>atquo,</span> <span class='ocrx_word' id='word_1_164' title='bbox 927 2471 1023 2531; x_wconf 86' lang='lat' dir='ltr'>donec</span> <span class='ocrx_word' id='word_1_165' title='bbox 1045 2473 1194 2534; x_wconf 79' lang='lat' dir='ltr'>exereitus</span> <span class='ocrx_word' id='word_1_166' title='bbox 1212 2474 1368 2533; x_wconf 84' lang='lat' dir='ltr'>Romano·</span> 
     </span>
     <span class='ocr_line' id='line_1_22' title="bbox 257 2572 1369 2657; baseline -0.005 -17"><span class='ocrx_word' id='word_1_167' title='bbox 257 2599 327 2640; x_wconf 88' lang='lat' dir='ltr'>rum</span> <span class='ocrx_word' id='word_1_168' title='bbox 349 2577 484 2655; x_wconf 87' lang='lat' dir='ltr'>veniret,</span> <span class='ocrx_word' id='word_1_169' title='bbox 505 2575 549 2636; x_wconf 90' lang='lat' dir='ltr'>ibi</span> <span class='ocrx_word' id='word_1_170' title='bbox 562 2581 765 2650; x_wconf 84' lang='lat' dir='ltr'>remanerent,</span> <span class='ocrx_word' id='word_1_171' title='bbox 788 2572 896 2632; x_wconf 69' lang='lat' dir='ltr'>duodo</span> <span class='ocrx_word' id='word_1_172' title='bbox 912 2573 951 2633; x_wconf 88' lang='lat' dir='ltr'>ad</span> <span class='ocrx_word' id='word_1_173' title='bbox 965 2575 1069 2634; x_wconf 86' lang='lat' dir='ltr'>urbem</span> <span class='ocrx_word' id='word_1_174' title='bbox 1089 2575 1282 2657; x_wconf 83' lang='lat' dir='ltr'>aperiendum</span> <span class='ocrx_word' id='word_1_175' title='bbox 1296 2595 1369 2634; x_wconf 86' lang='lat' dir='ltr'>ma-</span> 
     </span>
    </p>
   </div>
   <div class='ocr_carea' id='block_1_3' title="bbox 127 2675 1368 2862">
    <p class='ocr_par' dir='ltr' id='par_1_5' title="bbox 127 2675 1368 2862">
     <span class='ocr_line' id='line_1_23' title="bbox 127 2675 1368 2760; baseline -0.001 -19"><span class='ocrx_word' id='word_1_176' title='bbox 127 2739 134 2760; x_wconf 58' lang='lat'>,</span> <span class='ocrx_word' id='word_1_177' title='bbox 259 2701 319 2742; x_wconf 87' lang='lat' dir='ltr'>nus</span> <span class='ocrx_word' id='word_1_178' title='bbox 334 2681 520 2740; x_wconf 87' lang='lat' dir='ltr'>intrinsecus</span> <span class='ocrx_word' id='word_1_179' title='bbox 534 2677 720 2759; x_wconf 87' lang='lat' dir='ltr'>praeberent.</span> <span class='ocrx_word' id='word_1_180' title='bbox 771 2675 863 2750; x_wconf 86' lang='lat' dir='ltr'>Quod</span> <span class='ocrx_word' id='word_1_181' title='bbox 884 2697 978 2757; x_wconf 89' lang='lat' dir='ltr'>quum</span> <span class='ocrx_word' id='word_1_182' title='bbox 1000 2677 1034 2738; x_wconf 89' lang='lat' dir='ltr'>hi</span> <span class='ocrx_word' id='word_1_183' title='bbox 1054 2679 1211 2757; x_wconf 83' lang='lat' dir='ltr'>iecissent,</span> <span class='ocrx_word' id='word_1_184' title='bbox 1238 2679 1368 2740; x_wconf 87' lang='lat' dir='ltr'>duorum</span> 
     </span>
     <span class='ocr_line' id='line_1_24' title="bbox 138 2777 1368 2862; baseline -0.002 -18"><span class='ocrx_word' id='word_1_185' title='bbox 138 2779 145 2790; x_wconf 86' lang='lat'>&#39;</span> <span class='ocrx_word' id='word_1_186' title='bbox 259 2777 410 2844; x_wconf 80' lang='lat' dir='ltr'>mensium</span> <span class='ocrx_word' id='word_1_187' title='bbox 431 2783 594 2844; x_wconf 85' lang='lat' dir='ltr'>intervallo</span> <span class='ocrx_word' id='word_1_188' title='bbox 617 2781 711 2862; x_wconf 81' lang='lat' dir='ltr'>frater</span> <span class='ocrx_word' id='word_1_189' title='bbox 724 2779 804 2859; x_wconf 88' lang='lat' dir='ltr'>regis</span> <span class='ocrx_word' id='word_1_190' title='bbox 814 2779 978 2862; x_wconf 90' lang='lat' dir='ltr'>Nicephori</span> <span class='ocrx_word' id='word_1_191' title='bbox 998 2801 1065 2842; x_wconf 85' lang='lat' dir='ltr'>cum</span> <span class='ocrx_word' id='word_1_192' title='bbox 1079 2783 1368 2862; x_wconf 75' lang='grc' dir='ltr'>4000011οωωο-</span> 
     </span>
    </p>
   </div>
   <div class='ocr_carea' id='block_1_4' title="bbox 193 2882 1452 3999">
    <p class='ocr_par' dir='ltr' id='par_1_6' title="bbox 193 2882 1452 3999">
     <span class='ocr_line' id='line_1_25' title="bbox 260 2882 1367 2950; baseline -0.005 -1"><span class='ocrx_word' id='word_1_193' title='bbox 260 2907 331 2949; x_wconf 88' lang='lat' dir='ltr'>rum</span> <span class='ocrx_word' id='word_1_194' title='bbox 350 2907 471 2950; x_wconf 86' lang='lat' dir='ltr'>murum</span> <span class='ocrx_word' id='word_1_195' title='bbox 494 2884 673 2948; x_wconf 85' lang='lat' dir='ltr'>Antiochiae</span> <span class='ocrx_word' id='word_1_196' title='bbox 693 2882 792 2942; x_wconf 77' lang='lat' dir='ltr'>cinxit</span> <span class='ocrx_word' id='word_1_197' title='bbox 807 2892 838 2943; x_wconf 91' lang='lat' dir='ltr'>et</span> <span class='ocrx_word' id='word_1_198' title='bbox 856 2893 923 2943; x_wconf 84' lang='lat' dir='ltr'>tum</span> <span class='ocrx_word' id='word_1_199' title='bbox 942 2883 1125 2946; x_wconf 87' lang='lat' dir='ltr'>habitatores</span> <span class='ocrx_word' id='word_1_200' title='bbox 1145 2885 1222 2947; x_wconf 91' lang='lat' dir='ltr'>arcis</span> <span class='ocrx_word' id='word_1_201' title='bbox 1234 2887 1332 2946; x_wconf 84' lang='lat' dir='ltr'>Lucae</span> <span class='ocrx_word' id='word_1_202' title='bbox 1348 2905 1367 2944; x_wconf 93' lang='lat' dir='ltr'>a</span> 
     </span>
     <span class='ocr_line' id='line_1_26' title="bbox 261 2985 1369 3072; baseline -0.002 -24"><span class='ocrx_word' id='word_1_203' title='bbox 261 2999 349 3072; x_wconf 87' lang='lat' dir='ltr'>parte</span> <span class='ocrx_word' id='word_1_204' title='bbox 370 2989 483 3050; x_wconf 86' lang='lat' dir='ltr'>montis</span> <span class='ocrx_word' id='word_1_205' title='bbox 504 2989 656 3049; x_wconf 85' lang='lat' dir='ltr'>adiutores</span> <span class='ocrx_word' id='word_1_206' title='bbox 680 2987 822 3063; x_wconf 80' lang='lat' dir='ltr'>fuerunt,</span> <span class='ocrx_word' id='word_1_207' title='bbox 843 2995 879 3046; x_wconf 92' lang='lat' dir='ltr'>ut</span> <span class='ocrx_word' id='word_1_208' title='bbox 898 2987 1025 3048; x_wconf 83' lang='lat' dir='ltr'>Romani</span> <span class='ocrx_word' id='word_1_209' title='bbox 1042 2986 1233 3050; x_wconf 77' lang='lat' dir='ltr'>Antiochiam</span> <span class='ocrx_word' id='word_1_210' title='bbox 1252 2985 1369 3048; x_wconf 87' lang='lat' dir='ltr'>introi-</span> 
     </span>
     <span class='ocr_line' id='line_1_27' title="bbox 193 3086 1452 3174; baseline -0.004 -18"><span class='ocrx_word' id='word_1_211' title='bbox 193 3086 196 3097; x_wconf 79' lang='grc'>’</span> <span class='ocrx_word' id='word_1_212' title='bbox 260 3103 333 3156; x_wconf 81' lang='lat' dir='ltr'>rent</span> <span class='ocrx_word' id='word_1_213' title='bbox 355 3101 386 3153; x_wconf 89' lang='lat' dir='ltr'>et</span> <span class='ocrx_word' id='word_1_214' title='bbox 408 3099 559 3174; x_wconf 88' lang='lat' dir='ltr'>caperent.</span> <span class='ocrx_word' id='word_1_215' title='bbox 602 3089 710 3168; x_wconf 79' lang='lat' dir='ltr'>Magne</span> <span class='ocrx_word' id='word_1_216' title='bbox 723 3090 767 3149; x_wconf 93' lang='lat' dir='ltr'>ibi</span> <span class='ocrx_word' id='word_1_217' title='bbox 790 3090 880 3150; x_wconf 86' lang='lat' dir='ltr'>caede</span> <span class='ocrx_word' id='word_1_218' title='bbox 902 3091 999 3168; x_wconf 83' lang='lat' dir='ltr'>iacta,</span> <span class='ocrx_word' id='word_1_219' title='bbox 1021 3099 1200 3174; x_wconf 80' lang='lat' dir='ltr'>repararunt</span> <span class='ocrx_word' id='word_1_220' title='bbox 1214 3089 1298 3152; x_wconf 85' lang='lat' dir='ltr'>viros</span> <span class='ocrx_word' id='word_1_221' title='bbox 1323 3091 1369 3152; x_wconf 84' lang='lat' dir='ltr'>fa-</span> <span class='ocrx_word' id='word_1_222' title='bbox 1447 3131 1452 3137; x_wconf 94' lang='lat'>-</span> 
     </span>
     <span class='ocr_line' id='line_1_28' title="bbox 261 3185 1368 3276; baseline -0.001 -21"><span class='ocrx_word' id='word_1_223' title='bbox 261 3195 417 3276; x_wconf 84' lang='lat' dir='ltr'>minasque</span> <span class='ocrx_word' id='word_1_224' title='bbox 438 3215 522 3257; x_wconf 89' lang='lat' dir='ltr'>senes</span> <span class='ocrx_word' id='word_1_225' title='bbox 545 3213 613 3253; x_wconf 90' lang='lat' dir='ltr'>cum</span> <span class='ocrx_word' id='word_1_226' title='bbox 633 3193 733 3274; x_wconf 89' lang='lat' dir='ltr'>parvis</span> <span class='ocrx_word' id='word_1_227' title='bbox 752 3199 869 3254; x_wconf 81' lang='lat' dir='ltr'>statura</span> <span class='ocrx_word' id='word_1_228' title='bbox 890 3214 1018 3274; x_wconf 86' lang='lat' dir='ltr'>eosque,</span> <span class='ocrx_word' id='word_1_229' title='bbox 1039 3214 1222 3276; x_wconf 86' lang='lat' dir='ltr'>quocunque</span> <span class='ocrx_word' id='word_1_230' title='bbox 1241 3185 1368 3272; x_wconf 82' lang='lat' dir='ltr'>vallent,</span> 
     </span>
     <span class='ocr_line' id='line_1_29' title="bbox 261 3284 1369 3380; baseline 0.003 -23"><span class='ocrx_word' id='word_1_231' title='bbox 261 3297 416 3360; x_wconf 73' lang='lat' dir='ltr'>discedere</span> <span class='ocrx_word' id='word_1_232' title='bbox 437 3284 599 3362; x_wconf 79' lang='lat' dir='ltr'>iusserunt.</span> <span class='ocrx_word' id='word_1_233' title='bbox 644 3296 788 3358; x_wconf 88' lang='lat' dir='ltr'>Virorum</span> <span class='ocrx_word' id='word_1_234' title='bbox 808 3315 881 3356; x_wconf 84' lang='lat' dir='ltr'>vero</span> <span class='ocrx_word' id='word_1_235' title='bbox 904 3297 1142 3380; x_wconf 81' lang='lat' dir='ltr'>feminarumque</span> <span class='ocrx_word' id='word_1_236' title='bbox 1163 3299 1310 3360; x_wconf 82' lang='lat' dir='ltr'>iuvenum</span> <span class='ocrx_word' id='word_1_237' title='bbox 1336 3305 1369 3378; x_wconf 82' lang='lat' dir='ltr'>et</span> 
     </span>
     <span class='ocr_line' id='line_1_30' title="bbox 260 3399 1369 3490; baseline 0 -28"><span class='ocrx_word' id='word_1_238' title='bbox 260 3421 424 3483; x_wconf 86' lang='lat' dir='ltr'>puerorum</span> <span class='ocrx_word' id='word_1_239' title='bbox 452 3403 523 3485; x_wconf 85' lang='lat' dir='ltr'>plus</span> <span class='ocrx_word' id='word_1_240' title='bbox 547 3403 782 3482; x_wconf 83' lang='lat' dir='ltr'>quam=10,000</span> <span class='ocrx_word' id='word_1_241' title='bbox 802 3399 835 3460; x_wconf 83' lang='lat' dir='ltr'>in</span> <span class='ocrx_word' id='word_1_242' title='bbox 864 3408 959 3460; x_wconf 85' lang='lat' dir='ltr'>terras</span> <span class='ocrx_word' id='word_1_243' title='bbox 982 3401 1187 3464; x_wconf 81' lang='lat' dir='ltr'>Romanorum</span> <span class='ocrx_word' id='word_1_244' title='bbox 1210 3401 1369 3490; x_wconf 75' lang='lat' dir='ltr'>miserunt.</span> 
     </span>
     <span class='ocr_line' id='line_1_31' title="bbox 260 3501 1370 3586; baseline 0.005 -25"><span class='ocrx_word' id='word_1_245' title='bbox 260 3501 410 3565; x_wconf 84' lang='lat' dir='ltr'>Halebum</span> <span class='ocrx_word' id='word_1_246' title='bbox 425 3505 514 3566; x_wconf 83' lang='lat' dir='ltr'>etism</span> <span class='ocrx_word' id='word_1_247' title='bbox 532 3507 646 3580; x_wconf 91' lang='grc'>10000</span> <span class='ocrx_word' id='word_1_248' title='bbox 662 3501 798 3581; x_wconf 81' lang='lat' dir='ltr'>equiturn</span> <span class='ocrx_word' id='word_1_249' title='bbox 812 3523 905 3583; x_wconf 90' lang='lat' dir='ltr'>quum</span> <span class='ocrx_word' id='word_1_250' title='bbox 919 3503 1082 3580; x_wconf 72' lang='lat' dir='ltr'>misissent,</span> <span class='ocrx_word' id='word_1_251' title='bbox 1103 3504 1283 3568; x_wconf 85' lang='lat' dir='ltr'>Hsiobeosaa</span> <span class='ocrx_word' id='word_1_252' title='bbox 1293 3525 1370 3586; x_wconf 89' lang='lat' dir='ltr'>pro·</span> 
     </span>
     <span class='ocr_line' id='line_1_32' title="bbox 259 3604 1370 3688; baseline 0.005 -25"><span class='ocrx_word' id='word_1_253' title='bbox 259 3605 426 3684; x_wconf 88' lang='lat' dir='ltr'>miserunt,</span> <span class='ocrx_word' id='word_1_254' title='bbox 448 3625 480 3666; x_wconf 89' lang='lat' dir='ltr'>se</span> <span class='ocrx_word' id='word_1_255' title='bbox 503 3604 666 3688; x_wconf 75' lang='lat' dir='ltr'>quotannis</span> <span class='ocrx_word' id='word_1_256' title='bbox 689 3606 833 3668; x_wconf 81' lang='lat' dir='ltr'>Romanis</span> <span class='ocrx_word' id='word_1_257' title='bbox 855 3617 971 3668; x_wconf 75' lang='lat' dir='ltr'>certum</span> <span class='ocrx_word' id='word_1_258' title='bbox 989 3607 1140 3686; x_wconf 88' lang='lat' dir='ltr'>quoddam</span> <span class='ocrx_word' id='word_1_259' title='bbox 1152 3607 1299 3670; x_wconf 88' lang='lat' dir='ltr'>tributum</span> <span class='ocrx_word' id='word_1_260' title='bbox 1315 3627 1370 3668; x_wconf 90' lang='lat' dir='ltr'>so·</span> 
     </span>
     <span class='ocr_line' id='line_1_33' title="bbox 260 3707 1371 3794; baseline 0.004 -28"><span class='ocrx_word' id='word_1_261' title='bbox 260 3707 381 3768; x_wconf 84' lang='lat' dir='ltr'>loturos</span> <span class='ocrx_word' id='word_1_262' title='bbox 393 3727 475 3788; x_wconf 87' lang='lat' dir='ltr'>essa,</span> <span class='ocrx_word' id='word_1_263' title='bbox 496 3710 530 3770; x_wconf 88' lang='lat' dir='ltr'>in</span> <span class='ocrx_word' id='word_1_264' title='bbox 550 3709 635 3770; x_wconf 84' lang='lat' dir='ltr'>cuius</span> <span class='ocrx_word' id='word_1_265' title='bbox 650 3708 694 3770; x_wconf 90' lang='lat' dir='ltr'>rei</span> <span class='ocrx_word' id='word_1_266' title='bbox 708 3709 801 3771; x_wconf 87' lang='lat' dir='ltr'>fidem</span> <span class='ocrx_word' id='word_1_267' title='bbox 822 3713 885 3777; x_wconf 92' lang='grc'>800</span> <span class='ocrx_word' id='word_1_268' title='bbox 901 3709 1020 3771; x_wconf 83' lang='lat' dir='ltr'>obsides</span> <span class='ocrx_word' id='word_1_269' title='bbox 1035 3711 1193 3794; x_wconf 73' lang='lat' dir='ltr'>dederunt.</span> <span class='ocrx_word' id='word_1_270' title='bbox 1234 3711 1279 3774; x_wconf 86' lang='lat' dir='ltr'>Eo</span> <span class='ocrx_word' id='word_1_271' title='bbox 1293 3719 1371 3770; x_wconf 88' lang='lat' dir='ltr'>tem-</span> 
     </span>
     <span class='ocr_line' id='line_1_34' title="bbox 257 3809 1370 3896; baseline 0.004 -27"><span class='ocrx_word' id='word_1_272' title='bbox 257 3830 336 3891; x_wconf 85' lang='lat' dir='ltr'>poro</span> <span class='ocrx_word' id='word_1_273' title='bbox 357 3811 489 3872; x_wconf 84' lang='lat' dir='ltr'>multum</span> <span class='ocrx_word' id='word_1_274' title='bbox 510 3811 590 3874; x_wconf 87' lang='lat' dir='ltr'>ballo</span> <span class='ocrx_word' id='word_1_275' title='bbox 612 3809 756 3874; x_wconf 75' lang='lat' dir='ltr'>inclaruit</span> <span class='ocrx_word' id='word_1_276' title='bbox 776 3811 940 3894; x_wconf 87' lang='lat' dir='ltr'>imperator</span> <span class='ocrx_word' id='word_1_277' title='bbox 960 3813 1168 3896; x_wconf 83' lang='lat' dir='ltr'>Nicephorus,</span> <span class='ocrx_word' id='word_1_278' title='bbox 1190 3814 1244 3894; x_wconf 92' lang='lat' dir='ltr'>qui</span> <span class='ocrx_word' id='word_1_279' title='bbox 1265 3831 1370 3874; x_wconf 84' lang='lat' dir='ltr'>omnes</span> 
     </span>
     <span class='ocr_line' id='line_1_35' title="bbox 262 3913 1370 3999; baseline 0.008 -28"><span class='ocrx_word' id='word_1_280' title='bbox 262 3913 385 3973; x_wconf 85' lang='lat' dir='ltr'>Ciliciae</span> <span class='ocrx_word' id='word_1_281' title='bbox 396 3913 504 3998; x_wconf 87' lang='lat' dir='ltr'>urbas,</span> <span class='ocrx_word' id='word_1_282' title='bbox 523 3917 716 3979; x_wconf 84' lang='lat' dir='ltr'>Antiochiam</span> <span class='ocrx_word' id='word_1_283' title='bbox 728 3923 759 3976; x_wconf 90' lang='lat' dir='ltr'>et</span> <span class='ocrx_word' id='word_1_284' title='bbox 773 3916 891 3996; x_wconf 76' lang='lat' dir='ltr'>Syriam</span> <span class='ocrx_word' id='word_1_285' title='bbox 904 3917 938 3978; x_wconf 91' lang='lat' dir='ltr'>in</span> <span class='ocrx_word' id='word_1_286' title='bbox 948 3927 1127 3999; x_wconf 79' lang='lat' dir='ltr'>potestatem</span> <span class='ocrx_word' id='word_1_287' title='bbox 1142 3935 1228 3978; x_wconf 86' lang='lat' dir='ltr'>suam</span> <span class='ocrx_word' id='word_1_288' title='bbox 1243 3913 1370 3996; x_wconf 74' lang='lat' dir='ltr'>redegit,</span> 
     </span>
    </p>
   </div>
   <div class='ocr_carea' id='block_1_5' title="bbox 255 4017 1371 4407">
    <p class='ocr_par' dir='ltr' id='par_1_7' title="bbox 255 4017 1371 4407">
     <span class='ocr_line' id='line_1_36' title="bbox 262 4017 1370 4108; baseline 0.003 -33"><span class='ocrx_word' id='word_1_289' title='bbox 262 4029 355 4096; x_wconf 82' lang='lat' dir='ltr'>quam</span> <span class='ocrx_word' id='word_1_290' title='bbox 369 4017 409 4077; x_wconf 91' lang='lat' dir='ltr'>ob</span> <span class='ocrx_word' id='word_1_291' title='bbox 429 4037 493 4079; x_wconf 88' lang='lat' dir='ltr'>rem</span> <span class='ocrx_word' id='word_1_292' title='bbox 511 4041 614 4082; x_wconf 89' lang='lat' dir='ltr'>omnes</span> <span class='ocrx_word' id='word_1_293' title='bbox 627 4021 761 4081; x_wconf 87' lang='lat' dir='ltr'>Arabum</span> <span class='ocrx_word' id='word_1_294' title='bbox 773 4028 874 4098; x_wconf 85' lang='lat' dir='ltr'>gentes</span> <span class='ocrx_word' id='word_1_295' title='bbox 886 4031 970 4082; x_wconf 89' lang='lat' dir='ltr'>metu</span> <span class='ocrx_word' id='word_1_296' title='bbox 984 4021 1141 4102; x_wconf 77' lang='lat' dir='ltr'>perculsae</span> <span class='ocrx_word' id='word_1_297' title='bbox 1153 4027 1234 4080; x_wconf 87' lang='lat' dir='ltr'>sunt.</span> <span class='ocrx_word' id='word_1_298' title='bbox 1264 4019 1370 4108; x_wconf 84' lang='lat' dir='ltr'>ltaque</span> 
     </span>
     <span class='ocr_line' id='line_1_37' title="bbox 256 4119 1370 4206; baseline 0.006 -29"><span class='ocrx_word' id='word_1_299' title='bbox 256 4119 364 4179; x_wconf 77' lang='lat' dir='ltr'>animo</span> <span class='ocrx_word' id='word_1_300' title='bbox 395 4120 492 4183; x_wconf 84' lang='lat' dir='ltr'>elatus</span> <span class='ocrx_word' id='word_1_301' title='bbox 515 4123 736 4206; x_wconf 82' lang='lat' dir='ltr'>imperatricem</span> <span class='ocrx_word' id='word_1_302' title='bbox 767 4122 1012 4205; x_wconf 57' lang='lat' dir='ltr'>{theophaniam</span> <span class='ocrx_word' id='word_1_303' title='bbox 1045 4123 1237 4206; x_wconf 82' lang='lat' dir='ltr'>imperatoria</span> <span class='ocrx_word' id='word_1_304' title='bbox 1254 4123 1370 4184; x_wconf 69' lang='lat' dir='ltr'>Romar-</span> 
     </span>
     <span class='ocr_line' id='line_1_38' title="bbox 255 4220 1371 4314; baseline 0.003 -32"><span class='ocrx_word' id='word_1_305' title='bbox 255 4220 297 4282; x_wconf 77' lang='lat' dir='ltr'>ni</span> <span class='ocrx_word' id='word_1_306' title='bbox 310 4243 450 4303; x_wconf 85' lang='lat' dir='ltr'>uxorem,</span> <span class='ocrx_word' id='word_1_307' title='bbox 462 4227 595 4288; x_wconf 82' lang='lat' dir='ltr'>invitam</span> <span class='ocrx_word' id='word_1_308' title='bbox 603 4237 716 4302; x_wconf 75' lang='lat' dir='ltr'>maren,</span> <span class='ocrx_word' id='word_1_309' title='bbox 729 4225 789 4290; x_wconf 82' lang='lat' dir='ltr'>ribi</span> <span class='ocrx_word' id='word_1_310' title='bbox 803 4227 980 4306; x_wconf 70' lang='lat' dir='ltr'>coniunxitr,</span> <span class='ocrx_word' id='word_1_311' title='bbox 1002 4235 1102 4309; x_wconf 77' lang='lat' dir='ltr'>nequa</span> <span class='ocrx_word' id='word_1_312' title='bbox 1114 4227 1172 4290; x_wconf 86' lang='lat' dir='ltr'>bae</span> <span class='ocrx_word' id='word_1_313' title='bbox 1190 4245 1224 4288; x_wconf 82' lang='lat' dir='ltr'>ro</span> <span class='ocrx_word' id='word_1_314' title='bbox 1241 4231 1371 4314; x_wconf 71' lang='lat' dir='ltr'>conton-</span> 
     </span>
     <span class='ocr_line' id='line_1_39' title="bbox 258 4314 1370 4407; baseline 0.005 -23"><span class='ocrx_word' id='word_1_315' title='bbox 258 4325 632 4407; x_wconf 57' lang='lat' dir='ltr'>tua¹dubsshuiua⁴filiom</span> <span class='ocrx_word' id='word_1_316' title='bbox 653 4325 799 4394; x_wconf 76' lang='lat' dir='ltr'>basiliam</span> <span class='ocrx_word' id='word_1_317' title='bbox 817 4340 848 4394; x_wconf 89' lang='lat' dir='ltr'>et</span> <span class='ocrx_word' id='word_1_318' title='bbox 862 4314 1096 4396; x_wconf 71' lang='lat' dir='ltr'>constantinum</span> <span class='ocrx_word' id='word_1_319' title='bbox 1112 4339 1242 4398; x_wconf 75' lang='lat' dir='ltr'>outrara</span> <span class='ocrx_word' id='word_1_320' title='bbox 1260 4323 1370 4404; x_wconf 70' lang='lat' dir='ltr'>relisit,</span> 
     </span>
    </p>
   </div>
   <div class='ocr_carea' id='block_1_6' title="bbox 0 0 1528 4796">
    <p class='ocr_par' dir='ltr' id='par_1_8' title="bbox 0 0 1528 4796">
     <span class='ocr_line' id='line_1_40' title="bbox 0 0 1528 4796; baseline 0 0"><span class='ocrx_word' id='word_1_321' title='bbox 0 0 1528 4796; x_wconf 95' lang='lat' dir='ltr'> </span> 
     </span>
    </p>
   </div>
  </div>
 </body>
</html>
