2994 4796
304 358 390 496 508,
644 377 682 451 C.
700 379 738 450 B·
760 375 876 450 HASII
895 379 1052 450 NOTAE

304 529 539 621 τῶνβαρβάρων
554 536 607 602 καὶ
622 537 735 615 ἱκανοῖς
750 534 917 622 licerinum
927 583 936 613 ‚
947 537 989 604 'ln
1002 532 1130 624 βάθρων
1143 533 1246 604 ον’τοῖν
1256 541 1386 620 melei·

290 618 429 685 Βλὸντοιν
441 621 478 684 τοὶ
496 625 590 703 τείχη·
611 623 663 686 καὶ
677 619 743 689 τότε
758 621 857 729 dcxiv,
869 627 944 707 ἐμοῦ
958 620 1080 728 monitor
1093 621 1183 690 niter
1195 625 1346 708 alteritas*]
1357 623 1389 688 ei

306 701 453 788 Κλήματα
476 707 722 789 διανοησομένον.
766 715 923 793 Τοιγαρτοι
942 733 1093 794 φρονριον
1114 709 1168 792 μὲν
1189 716 1341 790 ennodius
1362 711 1389 774 ln

305 797 366 855 coir
384 785 512 855 ἐνόντων
533 788 743 878 ἐξῳκοδόμησα
763 790 838 875 παρ’
862 791 971 876 αὐτήν,
994 794 1036 870 οἷς
1052 795 1086 860 ἐκ
1100 792 1207 860 coinon
1225 796 1335 876 ῥᾳδίοις
1346 793 1389 856 eoi

301 873 359 957 τήν
372 873 466 957 ἄλλην
482 871 603 941 ἅπασαν
614 873 704 942 πόλιν
724 875 956 959 οἰκισθήσεσθαι
969 925 977 940 .
991 924 1022 942 ..
1063 881 1102 944 Η.
1122 902 1147 945 e.
1173 883 1306 941 Omnino
1322 883 1389 938 enim

302 973 376 1021 tunc
395 961 536 1022 barbaris
556 963 666 1022 bellum
694 965 805 1042 inferre
826 963 1030 1025 decrevimus:
1060 977 1133 1044 aut,
1160 969 1190 1026 si
1209 987 1283 1024 vera
1307 967 1390 1041 fateri

304 1057 427 1128 oportet,
449 1051 624 1108 recessimus
637 1049 675 1108 ab
692 1051 759 1108 illis
773 1062 861 1128 metu,
884 1073 920 1110 ne
933 1053 994 1131 ipsi
1005 1054 1125 1131 priores
1142 1050 1240 1110 abiis
1255 1053 1390 1130 opprime·

303 1153 422 1212 remur,
444 1137 665 1214 statuimusque
681 1137 722 1194 iis
746 1149 897 1216 quantum
903 1157 1061 1217 possemus
1081 1157 1261 1216 repugnare.
1302 1135 1390 1214 Aeque

305 1226 387 1284 enim
402 1222 557 1282 uniuersos
576 1217 762 1301 diripiebant
776 1223 1030 1282 inhumanissime
1049 1232 1077 1280 et
1093 1219 1341 1302 pessundabant,
1362 1229 1390 1277 ut

306 1305 459 1391 quaedam
470 1305 587 1367 belluae
608 1309 643 1366 in
657 1329 756 1368 onmes
776 1310 922 1390 impetum
931 1309 1094 1385 facientes.
1138 1307 1241 1367 Nulla
1267 1307 1316 1364 bis
1335 1309 1390 1363 ine·

305 1405 358 1455 rat
371 1394 420 1454 cel
432 1413 505 1474 erga
525 1397 788 1453 coniunctissimos
810 1395 1012 1469 continentia,
1041 1413 1094 1452 nec
1116 1394 1236 1451 ratione
1262 1393 1329 1450 ulla
1345 1399 1390 1448 aut

305 1481 382 1540 iusti
393 1476 567 1538 discrimine
585 1483 618 1538 in
635 1475 798 1558 patranda
817 1477 907 1540 caede
923 1477 1063 1538 volebant
1089 1481 1155 1536 uti:
1181 1475 1239 1534 sed
1250 1479 1391 1555 blesorum

298 1561 467 1647 praedam,
489 1563 574 1644 quod
585 1568 692 1642 aiunt,
716 1567 853 1645 ipsorum
870 1567 1020 1645 regionem
1034 1561 1156 1623 reddere
1178 1563 1263 1621 malo
1279 1583 1316 1620 nc
1331 1579 1391 1639 per·

303 1652 418 1712 nicioeo
431 1651 558 1708 consilio
573 1648 809 1712 meditabantur.
841 1653 1020 1712 Euomeerat
1033 1652 1172 1729 superior
1184 1669 1291 1707 eorum
1301 1646 1390 1725 aequi·

303 1746 354 1794 tas
371 1745 399 1793 et
412 1735 556 1795 iustitiae
577 1757 656 1814 quas
665 1738 830 1817 praecipue
842 1736 969 1795 colentes
984 1745 1110 1814 tropaea
1126 1733 1259 1792 anteleac
1273 1733 1390 1791 maxima

303 1829 490 1896 statuerant,
524 1818 598 1880 'adeo
626 1830 661 1878 ut
688 1821 826 1881 ciuitates
847 1831 875 1878 et
896 1832 1001 1902 gentes
1026 1821 1107 1878 ultro
1136 1815 1308 1877 accederent
1328 1815 1388 1874 illis·

305 1904 480 1966 Gliscebant
489 1925 578 1981 nunc,
592 1925 671 1985 quae
679 1907 759 1966 velut
772 1932 787 1966 e
792 1903 1006 1987 perpendiculo
1014 1901 1287 1984 (quemadmodum
1298 1895 1388 1978 aiunt)

303 2009 326 2050 a
341 1989 507 2048 virtutibus
526 1991 592 2048 illis
615 1988 750 2069 distant,
772 1993 930 2052 iniustitia
946 2002 973 2050 et
999 1991 1235 2068 intemperantia
1259 1985 1391 2046 ade-ersus

303 2072 461 2134 subditos:
481 2095 575 2154 neque
588 2095 697 2134 ornare
714 2087 743 2135 et
761 2067 795 2138 esi
813 2099 844 2136 re
868 2078 1007 2157 ipsarum
1028 2073 1251 2133 administrare
1270 2073 1392 2131 civitatee

303 2159 480 2234 dedititiae,
502 2157 557 2218 sed
568 2158 701 2241 redigere
717 2164 750 2220 in
761 2165 936 2224 servitutem
954 2171 982 2218 et
996 2158 1162 2218 exscindere
1174 2161 1389 2216 constituerant.

309 2245 524 2324 Conquerentes
539 2243 576 2304 de
600 2244 733 2306 dominis
749 2248 884 2324 incolae,
907 2267 994 2326 seque
1015 2243 1097 2304 nibil
1118 2245 1196 2302 mali
1220 2242 1389 2301 commisisse

304 2327 423 2410 liquido
436 2327 681 2408 demonstrantes,
697 2331 779 2394 nibil
790 2327 925 2414 amplius
931 2330 1141 2412 proficiebant,
1158 2349 1256 2409 quam
1268 2339 1302 2386 ut
1312 2333 1389 2384 morte

304 2437 365 2476 non
380 2415 580 2492 cffficerentur.
620 2418 654 2478 V
650 2420 677 2474 is
690 2419 838 2478 nimirum
852 2428 943 2476 tanta
958 2417 1109 2474 malorum
1122 2419 1290 2494 ingruerat,
1312 2420 1389 2468 utra

303 2499 457 2558 leumanae
471 2501 564 2578 quasi
575 2504 672 2560 ruina
688 2511 746 2559 aut
760 2505 908 2581 voragine
930 2502 1040 2580 aliqua
1061 2502 1224 2579 inopinata
1248 2518 1287 2556 ac
1304 2491 1390 2572 satcli

296 2583 458 2664 perculsae
475 2583 657 2664 obrutusque
669 2585 852 2647 horrendum
876 2590 911 2646 in
934 2585 1059 2646 modum
1080 2583 1264 2643 viderentur.
1304 2581 1389 2640 &ani

303 2669 461 2727 exinanita
473 2667 647 2728 hominibus
661 2670 775 2750 oppida
785 2673 861 2752 plus
877 2673 921 2750 X,
936 2673 1019 2750 pagi
1028 2669 1122 2749 plane
1140 2668 1253 2728 deserti
1270 2687 1327 2725 non
1339 2663 1389 2720 mi·

302 2773 361 2814 nus
372 2754 562 2831 quingentis:
583 2757 758 2816 vicinitates
771 2755 900 2836 denique
913 2767 942 2814 et
953 2755 1086 2835 confinia
1101 2765 1208 2814 nostra
1228 2752 1309 2812 velut
1327 2759 1388 2806 tem·

297 2847 417 2920 pestate
433 2837 652 2900 obruebantur:
673 2843 790 2902 incolae
813 2844 998 2916 innocentes,
1022 2843 1127 2920 pactis
1149 2841 1265 2898 iuratis
1286 2831 1387 2903 uadit}

302 2921 447 2981 manibus
458 2923 718 2985 obtruncabantur
726 2925 904 3010 gladiisque
915 2925 1088 2984 hostilibus.
1114 2920 1174 3006 (ΙΙ.)
1181 2917 1341 2982 Eiusmodi
1347 2937 1389 2996 pe·

302 3017 391 3082 stem,
418 3012 585 3087 generatim
607 3031 708 3070 omnes
727 3016 833 3072 misere
850 3012 1092 3086 conculcantem,
1120 3029 1190 3068 cum
1208 2999 1387 3086 aliquamdiu

298 3105 355 3174 per
367 3093 504 3171 infelices
516 3099 713 3156 conterminos
720 3109 840 3157 nostros
853 3095 1085 3171 obambulasset,
1096 3105 1250 3174 postremo
1264 3087 1389 3168 etprae-

303 3176 420 3236 sidium
431 3199 528 3238 meum
542 3201 661 3261 quoque
668 3184 804 3260 fortuna
818 3183 931 3260 infesta
945 3177 1086 3240 adduxit.
1130 3181 1234 3257 Quam
1250 3177 1324 3256 quia
1337 3175 1388 3229 iam

303 3261 435 3322 antebac
448 3285 531 3323 eram
543 3269 668 3342 neritus,
687 3269 721 3327 in
735 3287 850 3347 magna
865 3287 944 3326 cura
955 3265 1110 3342 versabar,
1131 3285 1167 3323 ne
1182 3261 1327 3320 accideret
1339 3259 1386 3313 im·

297 3350 433 3431 proviso,
448 3371 502 3408 nec
515 3350 625 3409 latente
631 3354 746 3430 impetu
759 3354 901 3410 continuo
915 3371 962 3410 res
973 3361 1095 3410 nostrae
1109 3357 1255 3410 everteret.
1276 3335 1385 3410 Deinde,

304 3433 358 3492 ubi
366 3438 565 3513 perspicuum
578 3433 687 3494 aderat
700 3436 894 3517 periculum,
915 3455 1074 3514 omnesque
1083 3434 1195 3514 palam
1205 3430 1385 3509 fatuantur.

304 3521 340 3576 in
354 3517 515 3580 discrimen
529 3541 585 3579 nos
594 3524 677 3581 ottae
693 3525 822 3596 venisse,
845 3541 899 3600 ego
913 3532 987 3579 tunc
1002 3517 1125 3600 quidem
1134 3519 1297 3599 perniciem
1309 3524 1386 3594 quw!⁸

303 3605 461 3682 aptissime
468 3616 609 3683 poteram
621 3607 730 3686 repuli,
754 3609 897 3688 quamvis
912 3607 944 3664 in
958 3615 1122 3664 extremum
1129 3623 1227 3683 panse
1234 3596 1385 3681 pertentor

303 3685 467 3748 adductus.
513 3690 549 3752 V
542 3711 627 3749 crum
643 3689 714 3752 inde
728 3693 869 3772 abruptis
887 3693 1073 3750 commerciis
1088 3689 1201 3750 bellum
1213 3689 1289 3745 inter
1305 3682 1384 3742 noeti

301 3772 448 3834 barbaros
461 3783 563 3833 ortum
576 3785 628 3853 est,
651 3779 685 3836 in
699 3800 758 3860 quo
770 3798 863 3857 neque
876 3775 1142 3834 communicabant
1154 3772 1286 3852 amplius
1298 3763 1383 3828 scobis·

303 3875 376 3917 cum
390 3855 528 3940 (tametsi
540 3865 698 3920 sexcenties
716 3861 753 3922 de
766 3862 981 3940 compositione
998 3859 1044 3920 ad
1053 3861 1123 3919 illos
1144 3851 1325 3934 mittebam),
1342 3861 1384 3942 ³5⁶

303 3943 508 4022 einepraeliie
519 3948 636 4005 mutuis
651 3968 698 4008 res
715 3959 805 4028 gesta
819 3957 871 4006 est.
914 3945 966 4006 Ita
984 3947 1097 4006 bellum
1117 3945 1257 4002 continuo
1280 3936 1381 3999 exart&

304 4026 550 4110 impendebatque
570 4029 684 4090 biems.-
709 4053 772 4092 non
791 4033 924 4090 multum
941 4034 1023 4090 enim
1042 4051 1084 4092 a.
1100 4073 1108 4088 .
1123 4029 1172 4088 sol
1190 4027 1299 4084 aberat.
1336 4007 1384 4074 Sti

304 4112 437 4190 barbari,
460 4127 636 4195 comparato
652 4118 754 4198 amplo
769 4119 914 4191 exercitu,
937 4136 1007 4175 curn
1022 4113 1175 4196 equitibus
1195 4106 1382 4194 militibusqft‘¹

305 4202 339 4258 in
356 4200 506 4280 regionem
522 4209 660 4262 nostram
677 4204 869 4283 irruperunt,
891 4219 947 4261 noe
969 4209 1115 4262 momento
1138 4203 1335 4280 enpugnatum
1348 4199 1380 4240 us

338 4381 367 4450 ·)
384 4379 417 4436 F.
436 4382 551 4440 cauce
566 4383 650 4440 voluit
666 4382 787 4450 stetere.
808 4384 960 4443 metemus
