3038 4796
271 312 351 392 416
614 322 654 396 C.
671 323 710 392 B.
731 320 849 394 nasu
866 324 1020 398 NOTAE
1039 333 1042 338 '

275 509 338 572 ροον
360 484 403 560 alr
420 480 480 550 eta
501 485 615 566 δῆμον·
636 481 727 546 Fabio
741 484 820 546 Max.
837 491 908 556 177.
923 486 956 548 C.
976 479 1176 568 ἐμβάλλωσιν
1198 477 1294 550 adem
1308 479 1373 566 κήκ

276 567 407 652 δύναμιν
422 569 577 654 φέροντες·
592 572 721 636 nemen.
732 572 804 639 914.
821 571 854 630 F·
868 570 970 651 φέρων
982 569 1086 636 ἑαυτὸν
1099 573 1141 645 εἰς
1152 565 1372 644 πόνους-κει-

275 657 404 760 ripalta.
434 655 572 718 Laconis.
586 655 733 716 Institutis
747 661 820 723 238.
836 657 867 714 C.
881 653 937 734 triv
950 651 1083 738 κιθάραν
1097 649 1192 720 reiecti
1204 673 1374 736 προσεκας.

272 748 419 806 calaorra
438 738 588 822 φέροντες.
617 741 699 800 Idam
712 741 810 818 iungit
827 741 917 800 verbo
929 740 1046 818 ἒνσεέω,
1066 752 1103 800 ut
1120 741 1155 800 fit
1168 743 1235 800 Ioco
1250 749 1369 798 nostro.

273 826 417 889 Phocion.
431 826 505 892 751.
521 825 553 886 F.
569 822 610 897 οές
626 823 659 886 δὲ
673 825 775 906 φέρων
794 824 940 888 ἐνέσεισεν
958 861 993 872 -
1010 823 1067 906 τήν
1080 818 1170 890 πόλιν
1185 827 1227 898 εἰς
1241 821 1294 886 τόν
1305 823 1373 886 Ἡ·

272 907 397 991 ληνικόν
410 905 550 989 πόλεμον.
573 909 688 982 Quibus
704 910 737 970 in
751 911 905 986 exemplis,
917 919 981 968 tum
991 911 1022 970 in
1035 910 1110 985 aliis,
1124 930 1198 988 quae
1210 909 1261 968 hic
1274 909 1373 968 ascri-

273 996 344 1056 bere
367 1015 431 1056 uon
452 995 576 1071 attinet,
596 995 691 1054 solum
714 993 932 1054 nominativum
959 995 1043 1054 videa
1069 994 1216 1054 adhiberi:
1237 994 1318 1066 item,
1334 991 1375 1052 ni

273 1083 373 1156 fallor,
394 1079 499 1140 inillis
517 1099 592 1158 quae
611 1078 670 1138 viri
683 1079 765 1138 docti
778 1080 961 1156 collegerunt
973 1081 1012 1138 ad
1023 1079 1166 1140 Idiotism.
1181 1078 1280 1156 Vigor.
1293 1077 1371 1144 352.

272 1168 347 1233 593.
360 1169 431 1232 663.
447 1165 518 1230 768.
533 1164 584 1222 ubi
598 1173 660 1222 tota
677 1163 750 1224 haec
768 1164 901 1241 quaestio
919 1165 1036 1226 erudita
1048 1165 1227 1224 illustratur.
1273 1161 1373 1238 Adde,

275 1249 378 1330 φέρων
398 1247 531 1325 sequenti
556 1248 732 1326 imperativo
747 1247 933 1308 adhortantis
953 1270 1030 1325 ease,
1054 1271 1088 1308 ac
1102 1247 1281 1326 significare,
1303 1267 1374 1326 age,

277 1337 334 1392 eia.
378 1332 462 1391 Philo
480 1332 562 1412 apud
575 1333 678 1392 Euseb.
703 1334 870 1412 Praeparat.
885 1335 1024 1412 Evangel.
1039 1335 1110 1400 345.
1127 1336 1160 1392 Β.
1176 1335 1229 1395 ael
1244 1355 1295 1410 μοι
1313 1327 1374 1408 φέ-

277 1441 339 1497 ρων
359 1415 438 1498 itys,
461 1417 512 1474 dic
525 1417 633 1476 amabo
648 1429 697 1480 σε.Ι
730 1419 870 1496 Origenes
885 1417 1045 1478 Philocalia
1060 1424 1110 1485 89.
1125 1419 1159 1476 A.
1176 1418 1228 1476 ubi
1243 1415 1374 1474 Tarinua

246 1501 377 1577 Drertit,
399 1523 466 1580 age,
487 1500 640 1580 responde.
682 1502 868 1583 Porphyrius
884 1504 950 1564 Vita
965 1503 1077 1562 Plotini
1092 1508 1141 1570 17.
1156 1503 1188 1564 G.
1231 1502 1305 1562 Nam
1318 1499 1375 1558 ha-

277 1587 328 1646 bet
351 1586 541 1666 participium
562 1586 663 1668 φέρων
684 1590 806 1648 eandem
831 1589 893 1647 vim
916 1585 1112 1663 adhortandi,
1133 1607 1220 1665 quam
1240 1586 1376 1665 impera-

276 1671 358 1732 tivus
381 1669 455 1752 φέρε
472 1671 505 1730 in
521 1671 595 1752 φέρε
606 1674 709 1736 εἰπεῖν.
753 1674 842 1747 Quod
855 1672 1037 1752 siguificare,
1049 1670 1279 1749 foedissimam,
1298 1669 1329 1732 h.
1343 1689 1377 1735 e.-

276 1757 361 1818 verbi
373 1777 480 1832 causa,
503 1761 626 1837 erenapli
635 1761 759 1838 gratia,
781 1757 846 1838 quia
861 1759 971 1837 estqui
991 1757 1123 1818 naaciatl
1150 1759 1278 1816 Tametsi
1288 1754 1321 1812 in
1334 1773 1374 1814 eo

210 1916 212 1924 Ι
278 1841 405 1903 offendit
418 1840 508 1902 homo
524 1844 698 1922 cumprimis
710 1853 814 1904 acutus
830 1845 975 1902 Karteron
991 1844 1028 1902 ad
1041 1841 1124 1901 Suid.
1136 1841 1160 1900 Ι.
1174 1847 1227 1908 w.
1241 1841 1275 1901 Δ.
1289 1834 1376 1916 bear,

278 1918 303 2012 pl
317 1924 372 2004 μὲν
385 1924 532 2002 morcelle
545 1923 579 1990 ati
588 1927 784 2004 καθέζεσθαι,
806 1927 980 2004 καθέζηται·
1003 1919 1029 2012 ᾦ
1042 1925 1075 1988 δὲ
1088 1920 1277 2000 οἷνοεκεῖσθαι,
1298 1915 1377 1986 ‹irri-

277 2030 386 2076 κειται·
407 2015 451 2072 τ’
463 2011 635 2093 πυρέττοντι
647 2011 721 2092 φέρε
735 2013 838 2076 εἰπεῖν.
867 2013 914 2071 ad
930 2031 1004 2090 quae
1017 2011 1185 2070 annotavit:
1200 2012 1283 2068 Loco
1297 2009 1378 2066 baie

278 2097 388 2176 als'qua
409 2034 533 2168 gaunt,
554 2107 581 2154 at
601 2099 721 2156 ultimis
742 2099 841 2156 verbis
861 2099 931 2156 istis
946 2091 1052 2156 nullus
1065 2099 1185 2155 omuino
1201 2115 1307 2152 sensus
1321 2095 1378 2152 in·-

278 2193 340 2246 eat:
366 2203 444 2260 quae
465 2185 545 2240 ratio
568 2194 626 2257 est,
650 2203 745 2261 quare
762 2205 797 2240 ea
815 2183 1002 2242 inversione
1008 2181 1270 2260 praetermiserim.
1314 2177 1378 2238 Setl

278 2266 378 2344 agitur
399 2267 436 2326 de
458 2268 604 2344 categoria
622 2268 808 2328 Aristotelian
832 2287 927 2344 nona,
949 2287 1024 2344 quaa
1039 2276 1083 2326 est
1097 2263 1270 2346 positionis,
1292 2283 1376 2340 cana,

279 2352 322 2413 ait
336 2351 451 2426 Suidaa,
472 2351 591 2428 sederit,
614 2356 666 2410 cui
679 2351 715 2410 id
726 2350 860 2432 expedit,
882 2362 910 2410 et
927 2351 1073 2426 cubuerit,
1096 2354 1146 2408 cui
1161 2349 1272 2408 cubare
1285 2369 1377 2426 arpe-

279 2434 337 2494 dit.
374 2435 580 2511 Febricitanti,
601 2437 808 2515 verbigratia.
841 2436 962 2514 Nempe,
982 2435 1126 2509 λυσιτελές
1138 2434 1217 2498 ἐστιν
1229 2431 1377 2494 eiusmodi

277 2519 395 2578 homini
407 2517 441 2582 ab
452 2515 642 2596 ἀνακεῖσθαι,
664 2522 742 2580 sicut
756 2520 899 2582 scribenti
913 2541 943 2580 v.
958 2541 984 2582 c.
999 2520 1109 2580 sedere.
1151 2519 1235 2578 Ilios
1248 2517 1378 2578 verbum

279 2601 362 2684 φέρω
375 2604 408 2662 in
424 2605 558 2666 fraudem
568 2605 700 2684 impulit,
722 2607 803 2684 quod
817 2606 1021 2666 contuderunt
1037 2605 1106 2666 calm
1119 2605 1224 2664 Latino
1243 2604 1376 2680 auferre.

278 2688 369 2749 Velut
390 2690 551 2750 liebertum
572 2691 741 2750 Balforeum
761 2691 795 2749 iu
819 2690 928 2750 Gelasii
950 2689 1090 2769 Cyziceni
1111 2689 1244 2750 Historia
1257 2687 1377 2749 concil.

278 2773 401 2838 Nicaeni
425 2774 452 2840 Ι.
467 2777 538 2842 858.
555 2776 587 2834 C.
602 2771 655 2849 τοὶς
670 2769 830 2849 ἀσθενείας
847 2774 934 2856 ἡμῶν
951 2769 1110 2855 ἆνολοιβοέν
1126 2768 1379 2847 nutrierimus

278 2857 398 2940 φέρων·
420 2861 628 2939 infirmitatem
653 2870 790 2920 nostram
804 2859 882 2940 [sic]
899 2862 1084 2938 suscipiens,
1106 2871 1134 2920 et
1149 2859 1268 2918 morbos
1284 2861 1379 2937 ause-

279 2965 356 3004 rene.
398 2943 496 3020 Verte,
518 2957 544 3003 et
558 2945 678 3006 morbae
686 2947 801 3022 farem.
842 2945 896 3006 Eat
911 2945 1015 3006 allusio
1028 2945 1067 3004 ad
1082 2945 1171 3004 Isaiae
1184 2943 1258 3006 LIII.
1275 2943 1305 3009 4.
1322 2943 1379 3002 abi

279 3027 419 3107 Vulgata:
442 3033 625 3110 Languoree
645 3041 764 3092 nostros
783 3035 847 3110 ipse
868 3031 953 3106 tulit,
983 3041 1011 3088 et
1031 3027 1149 3089 dolores
1171 3043 1291 3088 nostros
1312 3031 1379 3108 ipae

273 3117 426 3194 portavit.
466 3107 650 3191 Ἐνσέσεικας
672 3116 776 3177 eodem
799 3135 888 3176 senaa
913 3135 973 3196 quo
995 3124 1101 3176 uoatm
1124 3115 1193 3176 Ioco
1216 3112 1379 3175 adhibetur

364 3283 442 3351 [bid.
465 3289 520 3350 ἱίιι.
545 3293 596 3356 19,
616 3287 674 3348 Hic
686 3287 788 3348 Iocus:
809 3289 903 3348 Hunc
919 3289 1048 3348 Leonem
1063 3305 1159 3366 usque
1171 3285 1210 3346 ad
1222 3284 1313 3345 linem
1329 3303 1381 3344 ca·

277 3369 559 3451 pitiaaCombeliaio
574 3393 744 3448 conversus,
758 3383 893 3434 servatus
899 3373 1009 3452 legitur
1017 3373 1098 3453 apud
1110 3373 1229 3452 Pagium
1237 3371 1288 3447 III,
1302 3373 1378 3435 876.

165 3464 197 3520 P.
214 3466 266 3526 199
366 3459 446 3536 Pog.
470 3463 520 3525 20.
543 3459 599 3520 lin.
621 3463 650 3525 8.
675 3453 761 3520 Οὕτω
775 3453 812 3539 δὴ
826 3452 1128 3540 γνωσιμαχήσοινιι-
1142 3455 1268 3537 ἐπῆλθε]
1287 3453 1382 3536 Apud

279 3537 437 3621 Agathiam
457 3547 626 3624 προσῆλθε,
646 3543 697 3610 66.
713 3543 748 3604 D.
763 3543 796 3602 iu
809 3542 911 3622 phrasi
928 3538 1015 3622 guam
1030 3543 1090 3603 Leo
1108 3542 1252 3623 respexit.

365 3623 442 3687 Ibid.
464 3628 519 3686 liu·
540 3634 572 3695 9.
594 3627 646 3690 καὶ
674 3621 772 3709 λέγοις
796 3626 965 3706 simulatura
990 3623 1048 3706 tria·
1075 3623 1237 3708 στροιιοέν]
1268 3623 1381 3684 Confer

279 3707 437 3788 Agflthltm
451 3717 504 3777 27.
516 3712 549 3771 B.
561 3711 752 3790 ‘lhaieiprw
764 3711 964 3792 metaphorice
976 3711 1038 3772 diei
1049 3733 1107 3791 pro
1124 3715 1258 3786 incitare,
1275 3711 1382 3768 conri-

280 3804 354 3869 tore,
375 3794 434 3854 iam
449 3795 616 3876 Stephanus
631 3798 748 3856 monuit
757 3798 791 3857 in
804 3797 965 3858 Thesauro.
978 3797 1104 3876 Addam,
1126 3797 1274 3875 eleganter
1287 3813 1384 3854 usur*-

280 3879 347 3957 pari
362 3879 399 3940 de
414 3879 586 3960 vaporibus,
609 3883 660 3962 qui
672 3883 772 3960 rigant
784 3892 871 3962 atqua
885 3881 1067 3946 humectant.
1111 3882 1161 3941 Sic
1173 3885 1202 3943 S.
1217 3878 1383 3959 Gregorius

280 3963 407 4042 Nysaea.
427 3965 471 4025 De
484 3963 564 4028 bom.
584 3966 705 4046 opificio
722 3967 746 4030 I.
769 3973 820 4036 69.
841 3968 879 4028 A.
899 3967 1099 4028 membranam
1122 3968 1274 4028 cerebrum
1289 3963 1383 4040 abire,

280 4047 557 4131 περιπινσσομένην
572 4049 606 4114 έν
622 4050 691 4115 tave
701 4056 714 4071 ⁴
727 4048 780 4115 adv
793 4051 978 4133 ἐγκέφαλον.
998 4050 1127 4126 καὶτοῖς
1142 4051 1260 4114 ἐκεῖθεν
1277 4043 1385 4128 ἀτμοῖς

280 4129 536 4215 ὁποιλειφομένην.
580 4135 664 4196 Idem
683 4076 756 4199 ibid.
779 4137 849 4204 134.
865 4137 896 4196 C.
914 4129 1006 4215 alrim’
1018 4135 1135 4200 έκεένον
1148 4129 1293 4209 ἀνάδοσις
1304 4131 1386 4196 tina-

280 4217 379 4296 tripes
397 4216 451 4282 τὸν
468 4218 655 4302 περιειιτικὸν
673 4225 729 4284 τοῦ
744 4215 911 4303 ἐγκεφάλου
928 4219 1036 4302 ν’μένα.
1078 4221 1166 4280 Unde
1180 4217 1387 4299 metaphorica

280 4301 359 4364 sicut
379 4303 511 4364 imbuere
531 4305 614 4386 apud
631 4305 763 4366 Latinos.
806 4307 837 4370 8.
858 4306 992 4385 ignatius
1016 4304 1113 4388 Epist.
1131 4311 1181 4374 19.
1204 4305 1241 4366 Δ.
1259 4299 1311 4386 tsi
1325 4299 1387 4388 γᾶρ
