2984 4798
435 291 742 437 muuaonosn
761 339 994 437 cenoman
1190 341 1280 434 tet

266 515 320 584 46.
337 509 580 594 heumanmus]
601 511 767 586 Damnum,
789 509 873 592 qnod
890 511 1010 574 barbari
1027 512 1148 576 Graecis
1161 515 1276 587 inferro

85 637 88 645 ·
179 600 380 679 conabantur,
403 609 507 660 contra
524 599 607 678 ipsos
621 597 757 658 cedebats
777 617 848 658 nam
866 597 972 658 Graeci
992 599 1275 687 testudini-inclusi,

182 706 220 746 ex
240 685 335 764 ipsius
350 683 505 744 machinae
518 683 661 743 meatibus
677 682 815 745 consulto
831 681 906 743 tutis
922 682 956 741 in
969 682 1045 742 locis
1064 683 1103 744 ad
1116 683 1176 744 hoc
1188 687 1274 754 ,ποίᾳ

180 771 237 847 sis,
259 779 362 830 contra
383 769 452 828 illos
466 769 526 828 tela
545 767 721 845 mittebant,
748 785 823 846 quas
842 785 892 826 eos
913 786 1005 849 supra
1024 776 1124 832 turres
1142 776 1172 830 at
1192 789 1276 834 ωοο-

179 856 229 914 nia
244 855 276 914 in
292 863 426 936 apertum
442 861 554 912 stantes
567 852 731 932 plurimum
744 852 908 913 laedebant.

253 939 316 1005 aa.
344 932 453 1017 Kaira]
481 938 532 997 Sic
559 938 676 1013 eodem
707 938 862 1000 Cornelius
885 938 970 998 aliter
995 937 1123 1016 legerat,
1150 935 1205 998 sed
1227 937 1272 998 ita

179 1023 396 1084 emendandum
412 1023 486 1082 bene
503 1022 692 1083 coniectavit.

189 1177 191 1183 ,
264 1111 315 1174 62.
338 1101 458 1190 Κηρόν]
482 1108 539 1168 l'ro
552 1111 632 1190 κῆρα
645 1107 777 1188 positum
788 1108 934 1186 arbitror,
955 1127 1010 1168 seu
1025 1124 1124 1168 maore
1144 1103 1272 1182 librarii,

180 1212 233 1251 seu
262 1190 364 1271 potius
387 1193 453 1253 aevi
471 1191 567 1271 vitio,
587 1213 647 1273 quo
665 1193 795 1256 Graecae
814 1194 933 1274 linguas
954 1191 1097 1273 elegantia
1112 1211 1219 1273 magna
1233 1209 1273 1254 ex

177 1285 263 1357 parto
278 1276 414 1354 perierat.

262 1363 313 1428 53.
343 1355 471 1442 Kpsosic]
501 1361 705 1442 Nicephorum
727 1361 818 1424 hasce
838 1361 992 1423 machinas
1015 1361 1054 1422 ad
1075 1357 1274 1442 oppugnanda

179 1447 394 1506 Saracenorum
414 1449 529 1507 moenia
545 1448 714 1508 adhibuisse
729 1457 847 1508 narrrat
867 1448 955 1508 etiam
970 1449 1029 1506 Leo
1047 1445 1211 1520 Diaconos,
1230 1443 1274 1502 ita

177 1531 327 1592 scribens:
352 1533 468 1611 Quare
479 1545 638 1612 perspecta
652 1536 780 1592 Praetor
796 1535 954 1613 petrarias
970 1541 1160 1614 quantocyus
1173 1525 1275 1588 addu-

179 1618 235 1690 xit,
257 1617 379 1695 illisque
390 1615 530 1696 lapidum
543 1617 637 1677 imbre
655 1618 801 1676 barbaros
813 1620 879 1698 peti
900 1619 1003 1678 iussit.
1031 1613 1087 1674 Ad
1096 1615 1171 1674 liaeo
1184 1616 1276 1672 etiam

181 1700 398 1760 obsidionalem
412 1704 607 1781 peculiarius
630 1703 806 1776 machinam
832 1699 971 1784 (arietem
992 1702 1128 1760 Romani
1149 1695 1275 1780 nocant)

175 1783 338 1852 ,adhibuim
361 1791 508 1864 petrariis
528 1800 630 1846 autem
652 1788 755 1846 crebra
776 1809 921 1846 saeorum
938 1784 1075 1865 pondera
1092 1783 1276 1858 rotantibus,

173 1873 272 1948 facili
283 1875 400 1950 negotio
415 1874 552 1932 Barbari
562 1877 689 1952 repressi
705 1883 791 1931 sunt:
814 1875 992 1951 interimque
1004 1872 1096 1928 ariete
1108 1871 1206 1928 munis
1219 1865 1277 1926 acl·

179 1966 261 2013 moto
288 1959 404 2014 maiore
424 1960 538 2037 impetu
563 1962 728 2038 quatiente,
756 1960 818 2020 viri
837 1979 897 2016 non
903 1959 1004 2038 pauci
1012 1957 1140 2038 sessum
1151 1953 1276 2016 subiere.
1294 1973 1352 2032 σοι,
1370 1978 1390 2032 2

179 2039 247 2100 vid.
261 2041 329 2118 Peg.
343 2041 416 2100 ibid.
430 2063 494 2122 pag.
513 2045 587 2110 874.
1237 2114 1243 2128 .

265 2123 343 2187 ibid.
369 2131 540 2202 Χελωνὶους
564 2126 684 2208 τέχνας]
713 2126 887 2190 Testudines
912 2122 1028 2185 scilicet
1047 2123 1278 2196 oppugnationes

180 2208 218 2268 ab
231 2209 285 2284 iis,
310 2231 381 2288 quaa
397 2233 488 2290 supra
507 2215 697 2286 memoravit,
719 2213 865 2290 ffivcrsae,
886 2210 1014 2288 ideoque
1036 2214 1065 2264 et
1085 2202 1121 2258 ab
1145 2220 1179 2259 eo
1193 2203 1279 2260 aliter

179 2305 379 2374 nuncupatas.
414 2298 487 2368 Erat
506 2297 582 2357 haec
600 2296 735 2357 machina
755 2307 885 2377 quatuor
902 2293 1026 2354 suffulta
1041 2286 1135 2364 rotis,
1158 2306 1217 2365 quo
1234 2285 1278 2344 ia-

154 2401 157 2406 *
182 2378 286 2456 cilius,
309 2381 359 2440 ubi
377 2401 453 2462 opus
468 2377 560 2458 loret,
576 2381 752 2460 veheretur,
774 2382 932 2458 crudisque
948 2373 1121 2438 animalium
1137 2373 1226 2432 coriis
1239 2371 1280 2432 ad

179 2465 227 2524 sui
240 2464 393 2524 munimen
407 2468 592 2528 extrinsecus
608 2477 757 2550 congesta.
801 2464 981 2526 continebat
993 2481 1027 2522 ea
1038 2458 1147 2519 milites
1162 2457 1200 2516 ad
1211 2476 1279 2516 mu-

178 2568 230 2608 ros
247 2549 470 2628 suffodiendos,
492 2562 522 2612 et
536 2552 574 2612 ad
590 2573 639 2629 eos
653 2552 761 2612 deinde
769 2550 953 2630 quassandas
969 2545 1096 2612 librmn
1109 2543 1184 2604 tritt
1203 2561 1280 2602 0⁰11·

179 2635 387 2712 torquebatur.
434 2637 556 2718 Optime
577 2658 643 2696 eam
666 2637 825 2718 descripsit
843 2635 925 2696 hisce
940 2631 1039 2694 verbis
1056 2628 1212 2689 Vitruvius
1226 2629 1279 2688 lib.

179 2717 219 2776 X·
243 2737 308 2796 cap.
332 2725 387 2786 19:
422 2721 527 2781 Ceti-aa
553 2734 652 2780 autem
675 2719 901 2794 Chalcedonius
926 2717 963 2778 de
991 2719 1123 2774 materia
1138 2717 1280 2795 primum

182 2800 280 2858 basim
299 2803 440 2861 subiectis
454 2811 531 2864 rotis
538 2809 627 2882 ficit,
650 2827 802 2886 supraque
816 2807 963 2885 compegit
978 2801 1165 2876 arrectariis,
1187 2811 1215 2858 et
1228 2803 1279 2858 iu-

180 2887 234 2963 gis
248 2906 352 2957 varas,
365 2899 393 2945 et
407 2891 442 2946 in
450 2890 501 2947 lais
515 2891 672 2969 suspendit
687 2894 821 2964 arietem,
844 2893 994 2966 coriisque
1008 2884 1131 2943 bubulis
1144 2887 1227 2964 texit,
1243 2895 1279 2944 ut

181 2971 310 3028 tutiores
329 2983 438 3048 essent,
458 2978 514 3052 qut
537 2977 568 3032 in
589 2997 625 3033 ea
641 2975 865 3046 machinatione
889 2971 934 3030 ad
942 2967 1134 3048 pulsandum
1154 2989 1279 3030 murum

181 3066 276 3114 essent
289 3057 437 3117 collocati.
468 3057 508 3118 ld
520 3070 631 3136 autem,
649 3058 734 3139 quod
743 3056 849 3116 tardos
862 3065 990 3114 conatus
1001 3053 1131 3126 liaberet,
1147 3053 1280 3114 testudi-

181 3162 249 3199 nem
263 3145 443 3202 arietariam
453 3145 606 3224 appellare
620 3147 724 3224 coepit.
747 3141 922 3202 Huiusmodi
936 3137 1089 3198 machinae
1098 3141 1214 3199 iconem
1228 3161 1281 3200 ex.

181 3221 279 3286 hibuit
293 3227 410 3308 Lipsius
425 3229 458 3288 in
473 3229 677 3307 Polyorcetico
694 3229 769 3289 Disl.
787 3226 863 3288 Vlll.
877 3225 960 3287 Tem.
971 3223 1025 3286 ΙΙΙ.
1039 3224 1117 3304 0pp.
1130 3243 1196 3304 pag.
1205 3231 1279 3296 279.

267 3309 317 3377 55.
339 3309 505 3394 attentem
520 3308 705 3396 inauditos]
729 3313 830 3372 Scalae
844 3309 899 3370 hae
913 3318 999 3386 sunt,
1022 3327 1097 3388 quae
1112 3313 1278 3390 compacti-

181 3391 243 3466 les,
265 3415 316 3454 seu
330 3399 467 3460 solutiles
483 3400 667 3460 dicebantur.
707 3399 771 3460 Hae
785 3394 922 3478 pluribus
941 3393 1118 3453 constabant
1130 3397 1277 3476 partibus,

94 3559 100 3569 ἱ
183 3497 345 3558 earumque
359 3485 467 3562 gaadm
481 3488 524 3546 ita
540 3497 623 3546 erant
638 3486 811 3564 compositi,
832 3489 867 3560 ut
884 3479 971 3539 sacile
983 3479 1149 3560 removeri,
1170 3501 1206 3540 ec
1219 3482 1280 3544 sti·

181 3562 246 3642 pite
261 3577 384 3626 coeunte
396 3571 478 3648 quasi
492 3573 523 3631 in
538 3570 673 3650 vaginam
687 3571 810 3630 recondi
824 3573 957 3648 possent.
986 3565 1142 3646 Kttpanac
1155 3565 1279 3648 πηκτᾶς,

181 3645 242 3708 boc
255 3658 300 3710 eat
311 3653 415 3721 scalas
423 3656 589 3733 plicatiles,
603 3655 768 3737 appellavit
779 3655 845 3715 illas
858 3649 1014 3739 appianus
1025 3650 1058 3709 in
1071 3651 1201 3729 lbeaicis‚
1220 3675 1282 3713 ma-

181 3734 284 3812 gisque
297 3737 333 3795 ad
347 3757 409 3797 rem
428 3750 561 3800 nostram
580 3737 737 3818 distansia,
754 3739 891 3801 rotatiles
904 3755 1028 3814 nempe,
1050 3737 1231 3800 Plutarchua
1247 3740 1282 3800 in

180 3817 267 3880 Arati
283 3820 352 3880 Vita
373 3842 440 3902 pag.
459 3828 532 3892 817.
554 3826 607 3885 ubi
625 3827 667 3884 ait
687 3833 811 3886 Aratum
832 3821 1022 3884 obsessurum
1043 3823 1206 3908 Sicyonem
1225 3841 1282 3886 aaa

181 3904 215 3963 in
228 3905 343 3966 modios
358 3908 569 3970 frumentarios
583 3911 731 3970 coniectas
753 3905 963 3970 recondidisse.
1189 3971 1194 3978 .

268 3994 319 4059 67.
343 3991 393 4072 Oi]
415 3991 544 4053 Hunos
566 3995 704 4056 Cornelio
726 3997 867 4057 omissum
891 3990 1054 4054 articulum
1074 4010 1145 4055 cum
1172 3993 1281 4056 Codice

181 4074 376 4139 restituimus.
1081 4079 1086 4088 ’

273 4165 326 4227 61.
352 4157 412 4236 Tala
424 4153 529 4242 sipon]
551 4161 696 4225 Terribila
712 4173 792 4226 certe
807 4173 982 4245 anatagema
996 4160 1035 4224 ad
1049 4163 1279 4233 terrefaciendoa

185 4243 287 4306 hostes
308 4267 326 4304 a
341 4245 513 4327 Nicephoro
531 4250 729 4328 excogitatum
739 4295 748 4328 ,
770 4251 899 4314 iacieudi
919 4269 1026 4329 nempe
1045 4251 1206 4314 fundarum
1222 4275 1280 4337 ope

184 4331 310 4392 abscissa
325 4331 520 4395 barbarorum
543 4337 658 4418 capita,
680 4348 716 4404 ut
733 4339 832 4401 valab
846 4341 920 4424 ipsis
935 4335 1113 4402 concivibus
1132 4338 1194 4402 suia
1207 4363 1281 4425 par-
1382 4327 1385 4338 ¹

248 4429 303 4485 beo
318 4430 457 4486 Dimmus.
799 4442 802 4449 ·
1031 4430 1074 4497 35
