3038 4796
266 371 327 440 DE
348 370 507 442 EXPED.
527 367 617 440 SYR.
637 369 721 441 NIC.
739 369 868 440 PHOC.
888 370 950 439 ΕΤ
970 371 1028 447 10.
1048 374 1169 445 'l'ZlM
1211 367 1286 442 391

186 553 315 613 norum,
344 532 404 593 hoc
433 531 555 609 audito,
585 530 708 592 domum
732 550 886 594 reversum
904 549 985 608 ease3
1012 531 1125 595 lactum
1143 554 1206 597 sare
1227 535 1289 600 hoc

187 657 267 696 anno
289 636 353 702 858
375 653 475 694 menae
496 631 683 711 Muharrom3
714 633 823 694 deinde
838 632 1113 714 Saahdaddaulam,
1136 640 1288 701 sociorum

186 759 279 800 manu
292 738 428 810 collecta,
449 756 550 797 mensa
562 734 754 797 Ramadhnno
766 736 914 796 Halehum
928 757 1114 818 oppugnasse
1125 747 1155 798 et
1165 759 1289 804 manum

186 859 257 900 cum
279 819 454 922 Karghujah
478 849 508 900 et
525 839 674 920 Baodjruo
696 838 899 913 conseruisse;
921 847 988 900 tum
1007 839 1137 922 pergite)
1160 842 1288 922 Scripsit

186 941 294 1002 deinde
307 941 483 1025 Karghujalr
499 942 537 1004 ad
557 943 706 1003 Romanoa
725 950 755 1000 et
767 939 930 1002 Patricium
945 941 1108 1024 quendam,
1130 943 1185 1023 qui
1199 943 1234 1003 in
1246 944 1287 1004 fi-

185 1046 277 1105 nibus
300 1044 422 1106 ditionis
440 1048 590 1106 Romanae
603 1043 797 1121 versabatur,
819 1043 956 1122 rogarit,
977 1054 1014 1106 ut
1031 1045 1089 1104 sibi
1103 1045 1216 1106 auxilio
1230 1065 1288 1107 ve-

186 1148 276 1209 nirat.
322 1147 396 1226 Hic,
431 1167 509 1208 unua
536 1145 744 1208 eunuchorum
768 1144 946 1227 Nicephori,
980 1148 1102 1208 nomine
1130 1148 1285 1228 Thorbaai,

187 1249 292 1332 copias
305 1250 421 1327 adunit,
442 1258 509 1310 tum
524 1259 624 1310 autem
635 1247 694 1308 iter
706 1247 898 1308 Antiochiam
908 1268 1013 1310 versus
1026 1248 1148 1312 deflexit
1160 1261 1287 1334 propter

187 1351 268 1413 hano
286 1373 439 1434 causeam,
461 1354 544 1435 quod
563 1354 643 1413 inter
659 1349 869 1430 imperatorem
891 1351 1111 1432 Romanorum,
1134 1375 1227 1436 quum
1247 1355 1285 1436 ia

186 1475 286 1518 secum
301 1455 414 1516 ducena
436 1457 572 1538 captivos
594 1464 625 1514 et
640 1451 797 1534 praedam,
814 1462 959 1536 utsupra
977 1455 1122 1518 traditum
1137 1465 1198 1534 est,
1219 1457 1285 1517 Bu·

186 1558 243 1618 ltae
256 1557 284 1633 *)
304 1567 489 1634 versaretur,
519 1567 551 1619 et
570 1555 684 1616 incolas
703 1552 793 1614 huius
812 1554 914 1634 urhis,
936 1556 990 1637 qui
1012 1557 1173 1618 Christiani
1189 1568 1284 1635 erant,

187 1661 395 1738 convenisset,
416 1667 452 1720 ut
472 1659 505 1719 hi
528 1655 719 1718 Antiochiam
740 1654 917 1735 migrarent,
947 1659 1122 1719 simulantes
1143 1679 1175 1720 se
1198 1669 1283 1722 metu

185 1763 388 1824 Romanorum
403 1759 556 1822 domicilia
576 1757 748 1838 reliquisse,
768 1756 811 1816 ita
826 1767 863 1818 ut
876 1759 948 1820 istic
961 1759 1129 1822 habitantes
1142 1760 1284 1822 Romania

186 1865 378 1927 Antiochiam
397 1863 554 1925 obsidione
574 1860 746 1943 petentibus
764 1859 804 1918 ad
822 1862 929 1924 urbem
945 1863 1174 1946 expugnandam
1193 1862 1284 1924 angi.

185 1968 264 2030 lium
283 1970 406 2030 ferrent.
448 1967 517 2040 Quo
535 1966 617 2025 sacto
634 1963 757 2024 consitis
771 1983 840 2024 cum
852 1965 1030 2028 Christiania
1043 1963 1219 2028 Antiochiae
1232 1965 1284 2026 in·¹

185 2072 260 2132 colis
284 2071 467 2132 coniunxere
486 2077 517 2128 et
533 2065 732 2128 Thorbaaium
752 2066 908 2129 certiorem
932 2071 1046 2148 seems,
1067 2088 1194 2130 vacuam
1219 2087 1283 2130 ease

183 2174 290 2234 urbem
306 2182 337 2233 et
350 2171 503 2253 praefecto
519 2169 703 2235 destitutam.
743 2171 863 2232 Incolae
882 2181 982 2234 antem
998 2169 1083 2233 urbia
1094 2169 1282 2230 Muhamme·

184 2277 257 2338 dani
264 2295 365 2336 muros
374 2274 567 2334 deseruerant
579 2281 610 2332 at
619 2273 847 2353 negligentiores
854 2285 940 2336 erant
950 2275 983 2334 in
990 2275 1065 2336 urbe
1079 2271 1282 2351 custodienda,

184 2397 277 2459 quum
295 2376 446 2438 exercitus
465 2375 616 2436 Romanus
637 2377 676 2438 ad
700 2379 755 2438 XL
775 2377 888 2452 millia,
916 2376 1042 2438 ducibus
1066 2373 1230 2436 Thorbasio
1251 2387 1283 2436 et

181 2476 665 2556 lanino-ben-Schomeschkik,
693 2479 904 2558 aggrederetur
924 2488 955 2539 et
976 2477 1166 2539 Antiochiam
1193 2477 1282 2538 obri-

182 2583 273 2642 dione
285 2582 427 2660 cingeret.
464 2580 584 2640 lnoolao
594 2581 696 2642 Bukae
708 2582 745 2641 ah
758 2603 792 2642 aa
805 2601 895 2662 quam
907 2589 1070 2650 tenuerunt
1081 2580 1191 2642 summi
1202 2579 1282 2642 muri

182 2693 270 2765 parte
285 2683 505 2743 descenderunt
516 2690 546 2742 et
555 2683 672 2744 moenia
683 2683 768 2745 urbis
778 2703 872 2744 vacua
882 2684 1081 2764 reliquerunt3
1102 2695 1168 2746 tum
1180 2701 1282 2744 ascen·

185 2786 294 2845 derunt
307 2784 434 2844 Romani
450 2793 482 2845 et
496 2785 571 2844 urbs
586 2785 676 2866 potiti
697 2795 777 2846 aunt
819 2787 943 2846 Factum
959 2784 1019 2846 hoo
1037 2796 1083 2846 eat
1096 2795 1186 2848 nocta
1203 2785 1282 2852 13²¹·

183 2887 294 2949 mensis
312 2885 519 2968 Daulhidjdjae
537 2888 608 2948 anni
625 2890 701 2956 358:
748 2889 948 2949 Penetrarunt
967 2887 1095 2948 Romani
1114 2889 1148 2947 in
1165 2887 1280 2960 urbem,

183 2990 414 3052 combusserunt
435 2999 465 3048 et
483 2991 618 3071 captivos
643 2991 798 3069 secarunt,
827 2989 885 3051 fuit
906 2997 1003 3050 autern
1020 3009 1084 3050 nox
1103 2987 1280 3050 nauviutin

183 3094 287 3186 Quum
303 3091 428 3151 Romani
443 3101 575 3152 montem
595 3093 681 3153 urbia
698 3093 917 3170 ascendissent,
939 3091 1163 3173 prehenderunt
1179 3099 1280 3150 curto·

183 3195 236 3255 dea
263 3203 293 3254 et
315 3193 357 3253 eia
380 3193 544 3255 dixerunt:
571 3194 731 3272 „Laudate
753 3205 784 3255 et
802 3195 973 3277 praedicata
991 3195 1086 3254 Deum
1110 3195 1280 3272 magnum.”

183 3297 246 3372 Qui
260 3295 321 3357 hoc
335 3317 397 3356 non
417 3297 539 3375 iecerit,
560 3295 645 3358 hunc
657 3297 883 3361 interfecerunt.
928 3295 1072 3356 Custodes
1088 3295 1189 3375 itaque
1205 3315 1280 3376 pro-

183 3402 368 3462 clamarunt:
387 3397 532 3478 „Magnus
544 3408 589 3459 eat
598 3401 675 3460 Deus
687 3421 784 3481 neque
798 3403 877 3462 Deus
890 3408 936 3460 eat
948 3407 1067 3480 praeter
1082 3393 1184 3461 eum.''
1212 3397 1279 3472 Qua

183 3503 305 3583 quidem
319 3499 508 3582 ra'impediti
523 3511 594 3561 sunt
606 3503 730 3580 incolae,
752 3523 811 3583 quo
824 3503 923 3562 miuus
936 3521 1153 3562 rerumrerum
1167 3509 1278 3560 statum

181 3605 461 3679 animadverterent,
477 3602 574 3663 donec
586 3604 712 3664 Romani
724 3605 861 3666 omnibus
873 3603 1006 3664 turribus
1018 3601 1108 3684 potiti
1122 3599 1236 3661 luerint
1247 3609 1279 3660 et

181 3727 285 3768 omnes
300 3727 361 3767 una
378 3707 540 3767 clamorem
559 3705 718 3768 ediderint.
760 3708 888 3781 Omnes,
910 3707 963 3787 qui
984 3705 1024 3766 ad
1042 3713 1159 3788 portam
1173 3701 1279 3784 Aldje·

180 3829 241 3870 nan
256 3803 405 3894 (hortum)
426 3807 538 3868 dictam
551 3809 709 3890 peruenire
729 3811 949 3892 properabant,
973 3809 1086 3890 captivi
1110 3805 1183 3868 fecti
1197 3813 1277 3865 aunt.

181 3912 307 3972 Caterva
323 3921 440 3987 autem,
462 3929 539 3990 quae
560 3910 600 3996 ad
619 3921 739 3992 portam
757 3913 848 3975 maria
866 3931 898 3974 ae
918 3919 1165 3994 congregaverat,
1190 3928 1279 3990 repa-

179 4012 250 4092 gula
261 4014 390 4074 removit
404 4021 435 4072 et
450 4011 510 4072 hoc
525 4012 615 4073 modo
627 4013 788 4076 incolumis
802 4016 908 4079 erasit.

225 4149 229 4158 ·
263 4115 390 4175 Romani
406 4115 441 4176 in
453 4124 555 4176 monte
567 4116 651 4176 urbia
666 4137 765 4178 arcem
780 4127 998 4180 exemerunt
1009 4127 1040 4178 et
1051 4114 1217 4178 maximum
1230 4113 1278 4172 fa-

179 4232 254 4276 num
272 4216 355 4278 ¹suile
372 4218 526 4300 secarunt,
548 4219 676 4302 posthac
686 4229 787 4282 tamon
797 4221 966 4304 patriarcha
981 4223 1099 4283 solaco
1117 4239 1175 4301 pro
1189 4213 1279 4276 horto

124 4373 128 4388 ¹
213 4364 300 4436 ¹)Er
316 4367 366 4424 hoo
381 4369 438 4426 loeo
451 4375 561 4443 apparet
578 4369 700 4428 merdoso
718 4388 811 4430 nonan
832 4373 955 4449 scriptun
973 4389 1031 4430 aare
1043 4387 1087 4446 ap.
1103 4367 1280 4442 abulpharag-

247 4451 275 4508 p.
285 4438 354 4507 205,
370 4440 417 4495 ubi
428 4441 500 4502 hoca
513 4441 620 4514 legitur.
637 4441 666 4497 h.
