3038 4796
265 333 341 410 410
605 340 643 408 C.
661 341 700 410 B.
720 338 837 423 HASlI
855 342 1010 412 NOTAE

265 510 338 572 222.
352 497 423 566 έπεα
436 494 613 580 νιφάδεσσιν
625 494 744 564 ἐοικότα
755 501 868 584 χειμερί
889 521 947 579 σιν,
967 501 1132 564 multorum
1144 500 1362 564 imitationibus

266 588 441 648 celebratum
449 631 458 663 ,
479 585 564 646 velut
575 587 696 645 Lucisn.
715 585 832 647 Baccho
847 527 896 654 lli
916 592 966 655 81.
980 588 1025 648 lin
1040 589 1091 654 48.
1111 596 1142 648 et
1153 587 1362 648 Demosthenis

264 693 378 735 encom.
392 673 463 738 495.
480 671 534 732 lin.
552 672 602 738 85.
610 671 730 731 Nicetae
746 672 1048 733 GhoniataeManuele
1063 673 1203 736 Comnen,
1217 675 1267 739 68.
1284 675 1317 737 D.
1325 675 1358 734 S.

264 759 388 837 Gregor.
406 754 544 818 Nazianz.
565 757 660 837 Epist.
675 777 799 822 curm.
815 758 853 817 ll.
868 763 938 825 892.
952 758 987 818 B.
1002 753 1034 820 τδ
1049 755 1081 819 δὲ
1094 754 1171 840 άπέρ
1193 752 1246 830 τάς
1259 780 1360 838 χειμε-

264 843 348 987 ρίους
362 837 440 905 είνοι
453 836 599 920 νιφάδος·
614 843 696 922 quod
708 843 816 903 Billius
831 843 943 903 insulse
950 841 1094 921 reddidit,
1113 844 1244 902 alteram
1258 853 1360 901 autem

276 931 376 987 sismes
396 938 521 1007 superet.
565 991 573 1018 ρ

235 1019 259 1076 Β
346 1013 409 1074 Νοο
442 1021 541 1072 tamen
569 1013 664 1072 solum
689 1013 726 1072 ds
752 1011 875 1072 flumine
900 1011 1042 1073 orationis
1060 1005 1165 1090 ,νιφάς
1189 1010 1358 1088 adhibetur,

261 1098 314 1160 sed
342 1098 374 1157 in
405 1097 577 1158 universum
606 1097 643 1158 de
670 1099 775 1170 rebus,
804 1098 921 1158 nivium
944 1097 1137 1158 hibernarum
1160 1095 1223 1156 ritu
1244 1095 1360 1155 affatim

261 1182 473 1258 accidentibus,
492 1203 559 1240 cum
573 1183 703 1263 proprie,
724 1194 788 1243 tum
801 1183 932 1262 figurate.
970 1183 1057 1243 Velut
1069 1181 1106 1240 de
1121 1181 1271 1260 lapidibus
1285 1202 1359 1240 con·

262 1267 362 1328 lertim
381 1275 433 1326 aut
452 1265 607 1345 proiectis,
629 1277 681 1326 sut
694 1268 820 1350 desuper
844 1268 981 1344 deiectis,
1004 1287 1042 1326 ex
1064 1265 1158 1326 Iliade
1179 1270 1226 1328 M.
1250 1267 1310 1332 156
1329 1275 1360 1326 et

262 1356 335 1418 278.
377 1349 464 1410 Unde
489 1351 644 1432 Euripides
667 1353 866 1415 Andromach.
890 1355 980 1419 1130.
1004 1351 1041 1410 dc
1061 1350 1177 1432 Pyrrho
1201 1351 1280 1410 saxis
1301 1371 1359 1430 ap-

261 1436 371 1516 petito:
392 1439 503 1498 Ποκν”
524 1433 556 1498 δὲ
573 1432 681 1515 νιφάδι
702 1434 855 1502 πάντοθεν
876 1431 1092 1516 σποδούμενος.
1135 1437 1176 1496 Et
1190 1434 1357 1515 Aeschylus

263 1521 345 1599 Sept·
363 1530 467 1580 00111ῐᾶ
484 1460 607 1598 emebat,
630 1543 660 1582 v·
679 1528 750 1590 218.
764 1517 895 1602 νιφάδος
908 1517 957 1583 ’ὅτ’
972 1516 1062 1596 άλοοῖς
1073 1519 1253 1602 νιφομένης·
1275 1521 1359 1598 quod

262 1603 421 1665 scholiasta
439 1615 539 1666 tamen
556 1606 593 1666 de
612 1608 681 1666 telis
702 1608 926 1688 interpretatur.
970 1607 1110 1665 Oratores
1129 1626 1247 1684 quoque
1262 1605 1358 1664 Chri-

260 1689 351 1748 stiani
363 1684 650 1768 νιφάδαςιιοιιιμοιιῐ
663 1692 976 1774 delapidstionibusin
990 1695 1112 1750 Sanctos
1127 1691 1221 1750 iactis.
1244 1691 1273 1750 S.
1283 1690 1358 1750 Gre-

260 1774 361 1854 gorius
374 1777 497 1855 Nyssen.
522 1777 562 1834 lle
573 1777 747 1840 beatitudis.
762 1779 786 1839 Ι.
804 1781 876 1844 833.
891 1779 925 1837 C.
940 1779 1034 1880 χαίρει
1049 1774 1068 1840 o‘
1086 1775 1176 1858 μέγας
1191 1775 1357 1854 Στέφανος,

261 1857 314 1922 καί
326 1854 389 1926 olo'v¹
402 1884 469 1923 τινα
482 1855 592 1940 δρόσον
603 1861 710 1942 ἡδεῖαν
722 1857 890 1945 προθύμως
902 1863 945 1947 τῷ
958 1881 1073 1943 σωματι
1085 1860 1196 1940 δέχεται
1204 1857 1257 1932 τάς
1269 1861 1358 1924 ἔπαλ-

261 1938 372 2023 λήλονς
393 1949 450 2008 τάν
468 1948 566 2008 λίθων
580 1942 720 2026 νιφάδος.
762 1949 801 2006 Et
815 1947 901 2025 alibi,
924 1947 1006 2008 Orat.
1023 1947 1056 2005 in
1072 1949 1101 2005 S.
1117 1945 1218 2026 steph.
1232 1945 1268 2008 ll.
1284 1950 1356 2012 791.

263 2027 337 2106 (1.5.
353 2029 513 2108 Gregorius
530 2032 652 2111 Nyssen.
668 2033 705 2091 de
719 2033 829 2105 eodem,
852 2031 945 2106 δταΐς
960 2026 1067 2111 νιφάσι
1079 2035 1140 2093 τάν
1154 2033 1250 2092 λίθοιν
1263 2054 1356 2092 κατα-

262 2108 460 2194 χωννύμενος.
487 2117 548 2175 Νοο
564 2118 645 2176 ullus
658 2117 717 2176 hoc
731 2119 911 2178 vocabulum
926 2117 1037 2197 plurali
1050 2137 1174 2180 numero
1189 2116 1280 2194 magis
1293 2117 1357 2175 fre-

238 2199 425 2278 Oquentavit
442 2221 532 2281 quam
553 2203 582 2264 S.
598 2203 721 2262 loannes
744 2203 988 2282 chrysostomus:
1011 2202 1096 2261 cuius
1114 2201 1159 2260 rei
1177 2199 1295 2260 licitum
1316 2202 1357 2260 sit

262 2285 353 2365 paulo
373 2285 461 2364 plura
476 2285 580 2346 afferre
601 2289 751 2368 exempla,
774 2298 809 2346 ut
825 2295 982 2368 appareat,
1006 2307 1093 2366 quam
1109 2287 1278 2364 frequentes
1294 2285 1357 2345 sint
1424 2359 1429 2366 Ι

234 2381 237 2388 ’
263 2369 343 2448 apud
365 2371 464 2430 Patres
485 2372 620 2450 priorum
640 2373 827 2432 saeculorum
850 2373 1030 2431 imitationes
1049 2371 1181 2431 llomeri.
1223 2370 1356 2432 Adhibet

263 2451 357 2530 igitur
377 2456 406 2513 S.
430 2455 530 2514 loann.
552 2455 656 2536 Chrys.
678 2477 747 2518 voc.
763 2453 889 2536 νιφάδες
905 2457 941 2516 do
957 2457 1046 2516 rebus
1061 2457 1219 2534 iucundis,
1241 2467 1276 2516 ut
1290 2456 1354 2515 Ηο-

262 2537 325 2599 mil.
348 2558 448 2598 xxxn.
471 2540 505 2598 in
524 2542 551 2598 S.
572 2540 677 2602 hlatth.
701 2545 773 2607 870.
791 2543 825 2603 Α.
849 2539 925 2624 άπὲρ
947 2539 1003 2626 γάρ
1025 2538 1078 2616 τάς
1108 2537 1240 2620 νιφάδος
1262 2535 1356 2604 odada

262 2619 387 2702 νίπέρδει
406 2619 442 2684 τά
466 2619 623 2704 θαύματα·
649 2627 740 2686 vertit
755 2626 895 2703 Arianus,
918 2628 1122 2686 οιιιιειιιίναίεο
1138 2627 1246 2685 imbres
1258 2630 1355 2684 mira-

263 2707 404 2765 culorum
416 2721 585 2787 superasrt:
607 2711 711 2770 omissa
726 2733 742 2770 a
789 2711 947 2793 pographis
961 2732 1033 2772 voce
1047 2711 1255 2774 multitudine.
1299 2711 1355 2772 vet

262 2791 334 2850 ibid.
348 2791 457 2852 Homil.
470 2813 536 2854 σειν.
561 2800 635 2870 160.
648 2797 684 2860 D.
696 2799 829 2876 νιφάδος
842 2797 1015 2878 πορατρέχει
1028 2800 1177 2878 σημείων,
1199 2797 1236 2856 de
1250 2799 1355 2856 Evau-

261 2877 382 2954 gelista,
406 2879 499 2938 multa
526 2881 692 2942 servatoris
709 2883 853 2942 miracula
873 2883 993 2942 silentio
1011 2891 1247 2943 transcurrentes
1274 2880 1355 2962 qnod

261 2961 342 3022 idem
363 2963 473 3024 dicitur
495 2965 656 3029 comment.
677 2967 711 3026 in
726 2969 830 3030 Psalna
854 2989 988 3044 canly,
1010 2969 1033 3029 l.
1056 2971 1127 3035 828.
1142 2974 1192 3035 27.
1204 2965 1354 3050 παρατρέ-

260 3069 305 3128 χει
318 3049 427 3128 μορίας
441 3046 573 3128 νιφάδος
588 3047 763 3132 θαυμάτων.
805 3055 879 3113 Item
896 3054 1035 3114 derebus
1052 3053 1174 3128 mediis,
1195 3051 1354 3133 praecipue

261 3133 299 3192 ds
319 3131 445 3211 litteris,
468 3144 503 3194 ut
516 3135 606 3217 Epist.
624 3157 700 3208 1111,
724 3139 789 3200 Vll.
812 3145 883 3205 109.
901 3141 932 3204 4.
945 3137 1043 3218 πέμπε
1055 3134 1162 3202 λοιπδν
1173 3137 1249 3218 ἡμῖν
1261 3129 1353 3214 νιφά-

260 3217 315 3290 δος
337 3215 532 3300 γραμμάτων·
550 3221 644 3301 Epist.
665 3243 715 3282 ιιι..
730 3228 800 3290 119.
820 3227 873 3288 87.
884 3222 1004 3303 πέμψαι
1026 3218 1157 3302 νιφάδος
1171 3217 1353 3305 γραμμάτων

259 3299 349 3382 ιίμῖν·
365 3304 457 3383 Epist.
466 3325 562 3368 nm.
574 3311 643 3373 136.
653 3311 702 3374 23.
714 3303 846 3386 νιφάδος
856 3307 1033 3389 ἐπέμψαμεν
1044 3304 1242 3392 γραμμάτων·
1257 3307 1351 3386 Epist.

262 3407 359 3447 invu-
379 3389 449 3455 148.
469 3395 520 3456 22.
543 3386 674 3470 νιφάδος
688 3391 867 3456 ἐπιστολῶν·
897 3393 993 3474 Epist.
1013 3413 1059 3452 cv.
1078 3394 1147 3458 146.
1165 3392 1215 3458 24.
1233 3385 1292 3454 κάν
1308 3413 1352 3452 νι-

261 3467 364 3546 φάδος
381 3493 429 3536 σοι
453 3472 595 3550 πολλάκις
616 3476 792 3559 ἐπέμψαμεν
816 3477 995 3542 ἐπιστολῶν·
1015 3477 1108 3557 Epist.
1130 3497 1189 3539 cvr.
1212 3475 1281 3542 147.
1303 3480 1351 3539 10·

236 3550 368 3639 Βάσπερ
384 3553 518 3636 νιφάδος
536 3560 661 3642 πέμπων
677 3559 875 3644 γραμμάτων·
897 3563 993 3643 Epist.
1009 3583 1091 3625 exvr.
1110 3565 1178 3627 152·
1194 3565 1242 3627 13.
1257 3553 1351 3637 νιφά-

262 3641 317 3714 ὄας
335 3635 374 3703 δν
395 3641 571 3726 ἐπέμψαμεν
586 3644 785 3734 γραμμάτων·
808 3649 884 3708 adde
897 3649 991 3729 Epist.
1005 3667 1089 3708 cxix.
1107 3647 1177 3712 158.
1193 3650 1243 3712 12.
1257 3644 1351 3722 Epist·

262 3745 369 3786 fflffl·
383 3727 452 3794 158.
470 3731 519 3794 14.
533 3731 626 3812 Epist.
648 3753 786 3793 cxxxvii.
802 3735 873 3801 165.
889 3740 939 3800 21.
981 3733 1058 3794 'lusu
1072 3731 1201 3792 maxime
1214 3731 1251 3790 da
1265 3729 1353 3790 rebus

261 3810 412 3889 adversis,
433 3822 468 3872 ut
487 3817 567 3896 apud
579 3819 677 3878 solum
692 3819 936 3900 chrysostomum
949 3813 1002 3902 (ex
1018 3817 1083 3877 aliia
1097 3815 1233 3896 exempla
1247 3831 1352 3890 conge-

260 3916 327 3958 rere
346 3917 408 3956 non
428 3898 547 3974 attinet)
569 3903 752 3966 octodeciess
773 3903 867 3984 Epist.
889 3905 928 3964 ad
948 3903 1105 3984 episcopos
1125 3911 1155 3960 st
1169 3899 1301 3981 presbyt.
1319 3897 1353 3956 iu

262 4001 380 4058 emere
398 3981 505 4046 indus.
528 3987 578 4049 tv.
600 3993 671 4054 600.
694 3991 731 4051 l).
761 3985 904 4070 βασάνων
925 3983 1061 4067 νιφάδες.
1089 3985 1173 4049 Orat.
1194 3981 1286 4063 Quod
1299 3983 1354 4061 qui

261 4069 381 4126 iniuria
395 4079 446 4132 etc.
470 4070 535 4132 Vll.
552 4073 604 4138 46.
619 4077 670 4140 12.
686 4073 854 4156 ἐπιβουλῶν
869 4069 1005 4153 νιφάδες.
1026 4073 1108 4133 Orat.
1119 4090 1205 4133 mv.
1219 4071 1290 4130 Noa
1304 4087 1354 4125 εο-

261 4153 328 4211 lam
339 4173 408 4213 vem
420 4163 473 4217 ⁸50·
485 4156 521 4218 V·
533 4156 606 4224 294.
622 4163 673 4225 11.
684 4155 825 4236 νιφάδων
834 4152 1002 4241 πυκνότερα
1017 4148 1213 4260 περιειστήκει
1224 4144 1354 4216 τάκακά.

262 4239 347 4298 Orat.
367 4258 411 4302 rx.
425 4239 459 4298 in
473 4243 596 4303 alteram
610 4242 650 4303 ad
662 4243 797 4319 Corinth.
811 4243 863 4304 lll.
876 4247 951 4312 698.
965 4249 997 4312 6.
1011 4241 1072 4306 sisso
1086 4245 1140 4320 τῆς
1152 4233 1280 4319 νιφάδος
1291 4238 1354 4300 τοῖν

111 4379 115 4388 ,
261 4326 380 4389 κακοῖν·
407 4323 461 4388 ubi
490 4335 560 4392 nota
585 4327 767 4410 singulatur
785 4348 954 4394 numerum
997 4325 1056 4390 sed
1073 4325 1183 4388 Hamil.
1202 4319 1355 4388 munia
