<?xml version="1.0" encoding="UTF-8"?>
<!DOCTYPE html PUBLIC "-//W3C//DTD XHTML 1.0 Transitional//EN"
    "http://www.w3.org/TR/xhtml1/DTD/xhtml1-transitional.dtd">
<html xmlns="http://www.w3.org/1999/xhtml" xml:lang="en" lang="en">
 <head>
  <title>
</title>
<meta http-equiv="Content-Type" content="text/html;charset=utf-8" />
  <meta name='ocr-system' content='tesseract 3.04.00' />
  <meta name='ocr-capabilities' content='ocr_page ocr_carea ocr_par ocr_line ocrx_word'/>
</head>
<body>
  <div class='ocr_page' id='page_1' title='image "./leonisdiaconica00liudgoog/leonisdiaconica00liudgoog_0601.png"; bbox 0 0 2984 4798; ppageno 0'>
   <div class='ocr_carea' id='block_1_1' title="bbox 394 364 1323 448">
    <p class='ocr_par' dir='ltr' id='par_1_1' title="bbox 394 364 1323 448">
     <span class='ocr_line' id='line_1_1' title="bbox 394 364 1323 448; baseline -0.014 0"><span class='ocrx_word' id='word_1_1' title='bbox 394 379 440 448; x_wconf 79' lang='grc' dir='ltr'><strong>ΙΝ</strong></span> <span class='ocrx_word' id='word_1_2' title='bbox 459 375 702 447; x_wconf 86' lang='lat' dir='ltr'><strong>THEODOSII</strong></span> <span class='ocrx_word' id='word_1_3' title='bbox 724 375 955 446; x_wconf 78' lang='lat' dir='ltr'><strong>ACROASES.</strong></span> <span class='ocrx_word' id='word_1_4' title='bbox 1143 364 1228 442; x_wconf 63' lang='grc'><strong>659</strong></span> <span class='ocrx_word' id='word_1_5' title='bbox 1320 427 1323 434; x_wconf 97' lang='grc'><strong>.</strong></span> 
     </span>
    </p>
   </div>
   <div class='ocr_carea' id='block_1_2' title="bbox 122 534 1229 1026">
    <p class='ocr_par' dir='ltr' id='par_1_2' title="bbox 122 534 1229 1026">
     <span class='ocr_line' id='line_1_2' title="bbox 214 534 1227 618; baseline -0.005 -15"><span class='ocrx_word' id='word_1_6' title='bbox 214 544 267 608; x_wconf 74' lang='lat'><strong>28.</strong></span> <span class='ocrx_word' id='word_1_7' title='bbox 289 542 473 618; x_wconf 75' lang='lat' dir='ltr'><strong>Aelspssaiv,</strong></span> <span class='ocrx_word' id='word_1_8' title='bbox 497 535 670 618; x_wconf 65' lang='grc' dir='ltr'><strong><em>βελεβιτῶν]</em></strong></span> <span class='ocrx_word' id='word_1_9' title='bbox 692 535 903 596; x_wconf 85' lang='lat' dir='ltr'><strong>Delemitorum</strong></span> <span class='ocrx_word' id='word_1_10' title='bbox 930 534 1050 596; x_wconf 85' lang='lat' dir='ltr'><strong>nomios</strong></span> <span class='ocrx_word' id='word_1_11' title='bbox 1067 537 1227 599; x_wconf 77' lang='lat' dir='ltr'><strong>San-scenos</strong></span> 
     </span>
     <span class='ocr_line' id='line_1_3' title="bbox 128 621 1229 708; baseline -0.01 -21"><span class='ocrx_word' id='word_1_12' title='bbox 128 627 237 708; x_wconf 85' lang='lat' dir='ltr'><strong>procul</strong></span> <span class='ocrx_word' id='word_1_13' title='bbox 252 625 342 685; x_wconf 91' lang='lat' dir='ltr'><strong>dubio</strong></span> <span class='ocrx_word' id='word_1_14' title='bbox 356 624 456 683; x_wconf 89' lang='lat' dir='ltr'><strong>innuit</strong></span> <span class='ocrx_word' id='word_1_15' title='bbox 468 623 670 698; x_wconf 85' lang='lat' dir='ltr'><strong>Theodosius3</strong></span> <span class='ocrx_word' id='word_1_16' title='bbox 692 631 721 681; x_wconf 91' lang='lat' dir='ltr'><strong>et</strong></span> <span class='ocrx_word' id='word_1_17' title='bbox 733 623 810 680; x_wconf 86' lang='lat' dir='ltr'><strong>sorte</strong></span> <span class='ocrx_word' id='word_1_18' title='bbox 823 621 881 681; x_wconf 91' lang='lat' dir='ltr'><strong>hoc</strong></span> <span class='ocrx_word' id='word_1_19' title='bbox 898 641 1005 680; x_wconf 86' lang='lat' dir='ltr'><strong>nomen</strong></span> <span class='ocrx_word' id='word_1_20' title='bbox 1021 622 1108 680; x_wconf 86' lang='lat' dir='ltr'><strong>duxit</strong></span> <span class='ocrx_word' id='word_1_21' title='bbox 1121 643 1135 680; x_wconf 93' lang='lat' dir='ltr'><strong>s</strong></span> <span class='ocrx_word' id='word_1_22' title='bbox 1150 623 1229 682; x_wconf 83' lang='lat' dir='ltr'><strong>Dhs.</strong></span> 
     </span>
     <span class='ocr_line' id='line_1_4' title="bbox 127 706 1229 791; baseline -0.005 -19"><span class='ocrx_word' id='word_1_23' title='bbox 127 712 204 786; x_wconf 88' lang='lat' dir='ltr'><strong>lem,</strong></span> <span class='ocrx_word' id='word_1_24' title='bbox 228 711 281 790; x_wconf 88' lang='lat' dir='ltr'><strong>qui</strong></span> <span class='ocrx_word' id='word_1_25' title='bbox 301 710 415 791; x_wconf 87' lang='lat' dir='ltr'><strong>primus</strong></span> <span class='ocrx_word' id='word_1_26' title='bbox 434 707 605 786; x_wconf 79' lang='lat' dir='ltr'><strong>religiosum</strong></span> <span class='ocrx_word' id='word_1_27' title='bbox 623 707 771 786; x_wconf 84' lang='lat' dir='ltr'><strong>quondam</strong></span> <span class='ocrx_word' id='word_1_28' title='bbox 796 708 910 768; x_wconf 88' lang='lat' dir='ltr'><strong>cultum</strong></span> <span class='ocrx_word' id='word_1_29' title='bbox 933 706 1013 766; x_wconf 88' lang='lat' dir='ltr'><strong>inter</strong></span> <span class='ocrx_word' id='word_1_30' title='bbox 1030 707 1140 766; x_wconf 76' lang='lat' dir='ltr'><strong>Arabas</strong></span> <span class='ocrx_word' id='word_1_31' title='bbox 1155 729 1229 768; x_wconf 89' lang='lat' dir='ltr'><strong>con-</strong></span> 
     </span>
     <span class='ocr_line' id='line_1_5' title="bbox 126 791 1229 871; baseline -0.004 -15"><span class='ocrx_word' id='word_1_32' title='bbox 126 797 235 856; x_wconf 85' lang='lat' dir='ltr'><strong>stituit.</strong></span> <span class='ocrx_word' id='word_1_33' title='bbox 276 795 369 856; x_wconf 87' lang='lat' dir='ltr'>Ludit</span> <span class='ocrx_word' id='word_1_34' title='bbox 391 803 489 852; x_wconf 89' lang='lat' dir='ltr'><strong>sutem</strong></span> <span class='ocrx_word' id='word_1_35' title='bbox 511 793 543 852; x_wconf 91' lang='lat' dir='ltr'><strong>in</strong></span> <span class='ocrx_word' id='word_1_36' title='bbox 565 793 678 867; x_wconf 87' lang='lat' dir='ltr'><strong>verbis,</strong></span> <span class='ocrx_word' id='word_1_37' title='bbox 708 793 860 870; x_wconf 87' lang='lat' dir='ltr'><strong>inquiens,</strong></span> <span class='ocrx_word' id='word_1_38' title='bbox 883 791 1009 850; x_wconf 81' lang='lat' dir='ltr'><strong>Romani</strong></span> <span class='ocrx_word' id='word_1_39' title='bbox 1031 791 1106 871; x_wconf 86' lang='lat' dir='ltr'><strong>Imp.</strong></span> <span class='ocrx_word' id='word_1_40' title='bbox 1126 794 1229 866; x_wconf 84' lang='lat' dir='ltr'><strong>telum,</strong></span> 
     </span>
     <span class='ocr_line' id='line_1_6' title="bbox 122 876 1229 960; baseline -0.003 -20"><span class='ocrx_word' id='word_1_41' title='bbox 122 881 211 960; x_wconf 91' lang='lat' dir='ltr'><strong>.quod</strong></span> <span class='ocrx_word' id='word_1_42' title='bbox 227 881 339 940; x_wconf 78' lang='lat' dir='ltr'><strong>Graece</strong></span> <span class='ocrx_word' id='word_1_43' title='bbox 363 877 449 960; x_wconf 74' lang='grc' dir='ltr'><strong><em>βέλος</em></strong></span> <span class='ocrx_word' id='word_1_44' title='bbox 472 877 601 955; x_wconf 87' lang='lat' dir='ltr'><strong>dicitur,</strong></span> <span class='ocrx_word' id='word_1_45' title='bbox 624 887 821 938; x_wconf 71' lang='lat' dir='ltr'><strong>commutasse</strong></span> <span class='ocrx_word' id='word_1_46' title='bbox 834 876 1045 938; x_wconf 80' lang='lat' dir='ltr'><strong>Delemitasum</strong></span> <span class='ocrx_word' id='word_1_47' title='bbox 1066 897 1175 938; x_wconf 81' lang='lat' dir='ltr'><strong>nornen</strong></span> <span class='ocrx_word' id='word_1_48' title='bbox 1195 878 1229 937; x_wconf 90' lang='lat' dir='ltr'><strong>in</strong></span> 
     </span>
     <span class='ocr_line' id='line_1_7' title="bbox 125 964 286 1026; baseline -0.012 0"><span class='ocrx_word' id='word_1_49' title='bbox 125 964 286 1026; x_wconf 82' lang='lat' dir='ltr'><strong>Belebitss.</strong></span> 
     </span>
    </p>
   </div>
   <div class='ocr_carea' id='block_1_3' title="bbox 120 1073 1230 1590">
    <p class='ocr_par' dir='ltr' id='par_1_3' title="bbox 120 1073 1230 1590">
     <span class='ocr_line' id='line_1_8' title="bbox 212 1073 1228 1162; baseline -0.01 -14"><span class='ocrx_word' id='word_1_50' title='bbox 212 1088 264 1150; x_wconf 82' lang='lat'><strong>27.</strong></span> <span class='ocrx_word' id='word_1_51' title='bbox 288 1081 425 1162; x_wconf 73' lang='lat' dir='ltr'><strong>Xuodeie]</strong></span> <span class='ocrx_word' id='word_1_52' title='bbox 448 1083 497 1141; x_wconf 91' lang='lat' dir='ltr'><strong>Sic</strong></span> <span class='ocrx_word' id='word_1_53' title='bbox 512 1081 629 1141; x_wconf 82' lang='lat' dir='ltr'>Codex:</span> <span class='ocrx_word' id='word_1_54' title='bbox 651 1080 701 1139; x_wconf 82' lang='lat' dir='ltr'><strong>alii</strong></span> <span class='ocrx_word' id='word_1_55' title='bbox 720 1089 818 1140; x_wconf 84' lang='lat' dir='ltr'><strong>eutem</strong></span> <span class='ocrx_word' id='word_1_56' title='bbox 838 1080 998 1160; x_wconf 73' lang='lat' dir='ltr'>scriptores</span> <span class='ocrx_word' id='word_1_57' title='bbox 1013 1073 1137 1160; x_wconf 74' lang='grc' dir='ltr'><em>Χάβὸας</em></span> <span class='ocrx_word' id='word_1_58' title='bbox 1151 1081 1228 1139; x_wconf 84' lang='lat' dir='ltr'><strong>seri-</strong></span> 
     </span>
     <span class='ocr_line' id='line_1_9' title="bbox 127 1165 1229 1245; baseline -0.002 -19"><span class='ocrx_word' id='word_1_59' title='bbox 127 1167 212 1229; x_wconf 85' lang='lat' dir='ltr'><strong>bunt.</strong></span> <span class='ocrx_word' id='word_1_60' title='bbox 243 1169 336 1227; x_wconf 89' lang='lat' dir='ltr'><strong>Porro</strong></span> <span class='ocrx_word' id='word_1_61' title='bbox 354 1167 497 1242; x_wconf 84' lang='lat' dir='ltr'><strong>Glrabdas,</strong></span> <span class='ocrx_word' id='word_1_62' title='bbox 514 1187 575 1241; x_wconf 90' lang='lat' dir='ltr'><strong>seu,</strong></span> <span class='ocrx_word' id='word_1_63' title='bbox 597 1175 631 1224; x_wconf 89' lang='lat' dir='ltr'><strong>ut</strong></span> <span class='ocrx_word' id='word_1_64' title='bbox 648 1167 846 1225; x_wconf 83' lang='lat' dir='ltr'><strong>Conlinustor</strong></span> <span class='ocrx_word' id='word_1_65' title='bbox 857 1165 1046 1245; x_wconf 78' lang='lat' dir='ltr'><strong>&#39;l&#39;heoplsenis</strong></span> <span class='ocrx_word' id='word_1_66' title='bbox 1060 1187 1094 1224; x_wconf 86' lang='lat' dir='ltr'><strong>ae</strong></span> <span class='ocrx_word' id='word_1_67' title='bbox 1110 1166 1229 1224; x_wconf 83' lang='lat' dir='ltr'>Simeon</span> 
     </span>
     <span class='ocr_line' id='line_1_10' title="bbox 124 1250 1227 1330; baseline -0.004 -16"><span class='ocrx_word' id='word_1_68' title='bbox 124 1252 267 1330; x_wconf 73' lang='lat' dir='ltr'><strong>Magister</strong></span> <span class='ocrx_word' id='word_1_69' title='bbox 294 1253 448 1328; x_wconf 87' lang='lat' dir='ltr'><strong>scribunt,</strong></span> <span class='ocrx_word' id='word_1_70' title='bbox 474 1252 640 1310; x_wconf 86' lang='lat' dir='ltr'><strong>Chambdas</strong></span> <span class='ocrx_word' id='word_1_71' title='bbox 667 1252 726 1310; x_wconf 82' lang='lat' dir='ltr'><strong>fuit</strong></span> <span class='ocrx_word' id='word_1_72' title='bbox 745 1250 866 1330; x_wconf 84' lang='lat' dir='ltr'><strong>Chalcpi</strong></span> <span class='ocrx_word' id='word_1_73' title='bbox 889 1251 1028 1310; x_wconf 88' lang='lat' dir='ltr'><strong>dominus</strong></span> <span class='ocrx_word' id='word_1_74' title='bbox 1050 1260 1080 1309; x_wconf 90' lang='lat' dir='ltr'><strong>et</strong></span> <span class='ocrx_word' id='word_1_75' title='bbox 1095 1251 1227 1323; x_wconf 78' lang='lat' dir='ltr'><strong>Amores,</strong></span> 
     </span>
     <span class='ocr_line' id='line_1_11' title="bbox 125 1335 1228 1417; baseline -0.002 -21"><span class='ocrx_word' id='word_1_76' title='bbox 125 1357 214 1416; x_wconf 85' lang='lat' dir='ltr'><strong>quesn</strong></span> <span class='ocrx_word' id='word_1_77' title='bbox 236 1339 364 1396; x_wconf 88' lang='lat' dir='ltr'><strong>aLeone</strong></span> <span class='ocrx_word' id='word_1_78' title='bbox 381 1336 478 1398; x_wconf 89' lang='lat' dir='ltr'><strong>Phcca</strong></span> <span class='ocrx_word' id='word_1_79' title='bbox 491 1338 622 1417; x_wconf 89' lang='lat' dir='ltr'><strong>primum</strong></span> <span class='ocrx_word' id='word_1_80' title='bbox 636 1336 783 1395; x_wconf 85' lang='lat' dir='ltr'><strong>domitum</strong></span> <span class='ocrx_word' id='word_1_81' title='bbox 803 1345 905 1415; x_wconf 79' lang='lat' dir='ltr'><strong>postea</strong></span> <span class='ocrx_word' id='word_1_82' title='bbox 925 1335 1127 1413; x_wconf 84' lang='lat' dir='ltr'><strong>Nicephorus,</strong></span> <span class='ocrx_word' id='word_1_83' title='bbox 1150 1335 1228 1394; x_wconf 83' lang='lat' dir='ltr'><strong>eha-</strong></span> 
     </span>
     <span class='ocr_line' id='line_1_12' title="bbox 120 1421 1230 1503; baseline 0 -21"><span class='ocrx_word' id='word_1_84' title='bbox 120 1423 192 1502; x_wconf 89' lang='lat' dir='ltr'><strong>·lepa</strong></span> <span class='ocrx_word' id='word_1_85' title='bbox 206 1442 318 1502; x_wconf 83' lang='lat' dir='ltr'><strong>everso,</strong></span> <span class='ocrx_word' id='word_1_86' title='bbox 333 1423 452 1503; x_wconf 86' lang='lat' dir='ltr'><strong>penitus</strong></span> <span class='ocrx_word' id='word_1_87' title='bbox 470 1422 597 1501; x_wconf 87' lang='lat' dir='ltr'><strong>subegit.</strong></span> <span class='ocrx_word' id='word_1_88' title='bbox 627 1421 755 1496; x_wconf 87' lang='lat' dir='ltr'><strong>Videsis‚</strong></span> <span class='ocrx_word' id='word_1_89' title='bbox 770 1441 844 1501; x_wconf 86' lang='lat' dir='ltr'><strong>quse</strong></span> <span class='ocrx_word' id='word_1_90' title='bbox 858 1421 953 1482; x_wconf 79' lang='lat' dir='ltr'><strong>insius</strong></span> <span class='ocrx_word' id='word_1_91' title='bbox 965 1421 999 1480; x_wconf 92' lang='lat' dir='ltr'><strong>in</strong></span> <span class='ocrx_word' id='word_1_92' title='bbox 1012 1421 1126 1484; x_wconf 82' lang='lat' dir='ltr'><strong>Monito</strong></span> <span class='ocrx_word' id='word_1_93' title='bbox 1141 1441 1230 1502; x_wconf 84' lang='lat' dir='ltr'><strong>prse-</strong></span> 
     </span>
     <span class='ocr_line' id='line_1_13' title="bbox 122 1508 315 1590; baseline 0.01 -25"><span class='ocrx_word' id='word_1_94' title='bbox 122 1508 182 1590; x_wconf 77' lang='lat' dir='ltr'><strong>fati</strong></span> <span class='ocrx_word' id='word_1_95' title='bbox 201 1527 315 1567; x_wconf 87' lang='lat' dir='ltr'><strong>sumus.</strong></span> 
     </span>
    </p>
   </div>
   <div class='ocr_carea' id='block_1_4' title="bbox 120 1623 1228 1961">
    <p class='ocr_par' dir='ltr' id='par_1_4' title="bbox 120 1623 1228 1961">
     <span class='ocr_line' id='line_1_14' title="bbox 211 1623 1228 1709; baseline -0.006 -18"><span class='ocrx_word' id='word_1_96' title='bbox 211 1629 262 1692; x_wconf 88' lang='grc'><strong>30.</strong></span> <span class='ocrx_word' id='word_1_97' title='bbox 286 1623 457 1709; x_wconf 78' lang='grc' dir='ltr'><strong>Παρὲσχου]</strong></span> <span class='ocrx_word' id='word_1_98' title='bbox 481 1625 530 1684; x_wconf 92' lang='lat' dir='ltr'><strong>Sic</strong></span> <span class='ocrx_word' id='word_1_99' title='bbox 546 1623 622 1684; x_wconf 89' lang='lat' dir='ltr'><strong>bene</strong></span> <span class='ocrx_word' id='word_1_100' title='bbox 638 1623 755 1684; x_wconf 81' lang='lat' dir='ltr'><strong>Codex:</strong></span> <span class='ocrx_word' id='word_1_101' title='bbox 779 1623 935 1684; x_wconf 90' lang='lat' dir='ltr'><strong>Cornelius</strong></span> <span class='ocrx_word' id='word_1_102' title='bbox 949 1623 1049 1684; x_wconf 91' lang='lat' dir='ltr'><strong>neseio</strong></span> <span class='ocrx_word' id='word_1_103' title='bbox 1065 1645 1123 1704; x_wconf 90' lang='lat' dir='ltr'><strong>qua</strong></span> <span class='ocrx_word' id='word_1_104' title='bbox 1140 1645 1228 1685; x_wconf 86' lang='lat' dir='ltr'><strong>causa</strong></span> 
     </span>
     <span class='ocr_line' id='line_1_15' title="bbox 127 1709 1227 1792; baseline -0.003 -19"><span class='ocrx_word' id='word_1_105' title='bbox 127 1711 345 1773; x_wconf 81' lang='lat' dir='ltr'><strong>emendandum</strong></span> <span class='ocrx_word' id='word_1_106' title='bbox 368 1711 524 1771; x_wconf 76' lang='lat' dir='ltr'>adnotavit</span> <span class='ocrx_word' id='word_1_107' title='bbox 538 1710 679 1792; x_wconf 80' lang='grc' dir='ltr'><em>παρὲχες,</em></span> <span class='ocrx_word' id='word_1_108' title='bbox 702 1711 784 1789; x_wconf 89' lang='lat' dir='ltr'><strong>quod</strong></span> <span class='ocrx_word' id='word_1_109' title='bbox 802 1711 942 1783; x_wconf 79' lang='lat' dir='ltr'><strong>verbum,</strong></span> <span class='ocrx_word' id='word_1_110' title='bbox 964 1709 1021 1768; x_wconf 89' lang='lat' dir='ltr'><strong>nisi</strong></span> <span class='ocrx_word' id='word_1_111' title='bbox 1038 1731 1121 1770; x_wconf 87' lang='lat' dir='ltr'><strong>error</strong></span> <span class='ocrx_word' id='word_1_112' title='bbox 1133 1721 1227 1790; x_wconf 82' lang='lat' dir='ltr'><strong>typo-</strong></span> 
     </span>
     <span class='ocr_line' id='line_1_16' title="bbox 120 1787 1228 1878; baseline -0.002 -21"><span class='ocrx_word' id='word_1_113' title='bbox 120 1787 240 1878; x_wconf 74' lang='lat' dir='ltr'><strong>¹grapho</strong></span> <span class='ocrx_word' id='word_1_114' title='bbox 257 1797 295 1856; x_wconf 91' lang='lat' dir='ltr'><strong>sit</strong></span> <span class='ocrx_word' id='word_1_115' title='bbox 309 1797 495 1874; x_wconf 84' lang='lat' dir='ltr'><strong>tribuendus,</strong></span> <span class='ocrx_word' id='word_1_116' title='bbox 511 1817 567 1855; x_wconf 89' lang='lat' dir='ltr'><strong>nee</strong></span> <span class='ocrx_word' id='word_1_117' title='bbox 580 1795 655 1854; x_wconf 89' lang='lat' dir='ltr'><strong>beno</strong></span> <span class='ocrx_word' id='word_1_118' title='bbox 665 1795 784 1876; x_wconf 86' lang='lat' dir='ltr'><strong>quidem</strong></span> <span class='ocrx_word' id='word_1_119' title='bbox 803 1815 835 1854; x_wconf 91' lang='lat' dir='ltr'><strong>se</strong></span> <span class='ocrx_word' id='word_1_120' title='bbox 849 1793 939 1854; x_wconf 83' lang='lat' dir='ltr'><strong>habet</strong></span> <span class='ocrx_word' id='word_1_121' title='bbox 952 1795 1114 1856; x_wconf 87' lang='lat' dir='ltr'><strong>secundum</strong></span> <span class='ocrx_word' id='word_1_122' title='bbox 1124 1795 1228 1855; x_wconf 87' lang='lat' dir='ltr'><strong>Gram-</strong></span> 
     </span>
     <span class='ocr_line' id='line_1_17' title="bbox 131 1883 396 1961; baseline -0.008 -18"><span class='ocrx_word' id='word_1_123' title='bbox 131 1883 253 1943; x_wconf 85' lang='lat' dir='ltr'><strong>matices</strong></span> <span class='ocrx_word' id='word_1_124' title='bbox 269 1883 396 1961; x_wconf 79' lang='lat' dir='ltr'><strong>regulas.</strong></span> 
     </span>
    </p>
   </div>
   <div class='ocr_carea' id='block_1_5' title="bbox 125 1979 1229 2252">
    <p class='ocr_par' dir='ltr' id='par_1_5' title="bbox 125 1979 1229 2252">
     <span class='ocr_line' id='line_1_18' title="bbox 209 1979 1228 2081; baseline -0.007 -15"><span class='ocrx_word' id='word_1_125' title='bbox 209 2005 260 2066; x_wconf 84' lang='lat'><strong>31.</strong></span> <span class='ocrx_word' id='word_1_126' title='bbox 284 1999 469 2081; x_wconf 73' lang='grc' dir='ltr'><strong>Πολυξένης]</strong></span> <span class='ocrx_word' id='word_1_127' title='bbox 491 1999 620 2059; x_wconf 80' lang='lat' dir='ltr'><strong>Fallitur</strong></span> <span class='ocrx_word' id='word_1_128' title='bbox 639 1998 833 2064; x_wconf 82' lang='lat' dir='ltr'><strong>Theodosius.</strong></span> <span class='ocrx_word' id='word_1_129' title='bbox 877 1999 979 2079; x_wconf 83' lang='lat' dir='ltr'><strong>Neque</strong></span> <span class='ocrx_word' id='word_1_130' title='bbox 997 1979 1167 2079; x_wconf 76' lang='lat' dir='ltr'><strong>i&#39;olyxenae</strong></span> <span class='ocrx_word' id='word_1_131' title='bbox 1189 1997 1228 2059; x_wconf 86' lang='lat' dir='ltr'><strong>sd</strong></span> 
     </span>
     <span class='ocr_line' id='line_1_19' title="bbox 125 2085 1229 2252; baseline 0.001 -107"><span class='ocrx_word' id='word_1_132' title='bbox 125 2085 430 2252; x_wconf 50' lang='lat' dir='ltr'><strong>pppcillilpssittumulum</strong></span> <span class='ocrx_word' id='word_1_133' title='bbox 451 2086 648 2163; x_wconf 86' lang='lat' dir='ltr'><strong>occisionem,</strong></span> <span class='ocrx_word' id='word_1_134' title='bbox 670 2105 767 2164; x_wconf 87' lang='lat' dir='ltr'><strong>nequo</strong></span> <span class='ocrx_word' id='word_1_135' title='bbox 786 2085 893 2146; x_wconf 81' lang='lat' dir='ltr'>Troiae</span> <span class='ocrx_word' id='word_1_136' title='bbox 909 2085 1063 2146; x_wconf 78' lang='lat' dir='ltr'>excidium</span> <span class='ocrx_word' id='word_1_137' title='bbox 1081 2085 1229 2146; x_wconf 77' lang='lat' dir='ltr'>Homerus</span> 
     </span>
    </p>
   </div>
   <div class='ocr_carea' id='block_1_6' title="bbox 125 2267 1232 2441">
    <p class='ocr_par' dir='ltr' id='par_1_6' title="bbox 125 2267 1232 2441">
     <span class='ocr_line' id='line_1_20' title="bbox 212 2267 1232 2353; baseline -0.004 -17"><span class='ocrx_word' id='word_1_138' title='bbox 212 2278 263 2342; x_wconf 81' lang='grc'><strong>35.</strong></span> <span class='ocrx_word' id='word_1_139' title='bbox 285 2267 514 2353; x_wconf 69' lang='grc' dir='ltr'><strong>Μυθοπλόκου]</strong></span> <span class='ocrx_word' id='word_1_140' title='bbox 538 2271 588 2331; x_wconf 86' lang='lat' dir='ltr'><strong>Sic</strong></span> <span class='ocrx_word' id='word_1_141' title='bbox 613 2292 652 2332; x_wconf 81' lang='lat' dir='ltr'><strong>ex</strong></span> <span class='ocrx_word' id='word_1_142' title='bbox 675 2272 784 2332; x_wconf 80' lang='lat' dir='ltr'>Codice</span> <span class='ocrx_word' id='word_1_143' title='bbox 807 2271 941 2333; x_wconf 83' lang='lat' dir='ltr'><strong>restitue.</strong></span> <span class='ocrx_word' id='word_1_144' title='bbox 985 2269 1141 2332; x_wconf 88' lang='lat' dir='ltr'><strong>Cornelius</strong></span> <span class='ocrx_word' id='word_1_145' title='bbox 1153 2271 1232 2332; x_wconf 85' lang='lat' dir='ltr'><strong>susle</strong></span> 
     </span>
     <span class='ocr_line' id='line_1_21' title="bbox 125 2353 1145 2441; baseline -0.002 -19"><span class='ocrx_word' id='word_1_146' title='bbox 125 2359 221 2422; x_wconf 81' lang='lat' dir='ltr'>edidit</span> <span class='ocrx_word' id='word_1_147' title='bbox 236 2353 416 2441; x_wconf 65' lang='lat' dir='ltr'><strong>pudentior,</strong></span> <span class='ocrx_word' id='word_1_148' title='bbox 438 2367 469 2419; x_wconf 87' lang='lat' dir='ltr'><strong>et</strong></span> <span class='ocrx_word' id='word_1_149' title='bbox 482 2357 612 2418; x_wconf 88' lang='lat' dir='ltr'><strong>coniecit</strong></span> <span class='ocrx_word' id='word_1_150' title='bbox 629 2378 692 2436; x_wconf 84' lang='lat' dir='ltr'><strong>esse</strong></span> <span class='ocrx_word' id='word_1_151' title='bbox 707 2357 918 2437; x_wconf 85' lang='lat' dir='ltr'><strong>corrigendum</strong></span> <span class='ocrx_word' id='word_1_152' title='bbox 933 2354 1145 2438; x_wconf 78' lang='grc' dir='ltr'><strong>μυθοπλᾶνου.</strong></span> 
     </span>
    </p>
   </div>
   <div class='ocr_carea' id='block_1_7' title="bbox 123 2461 1229 2642">
    <p class='ocr_par' dir='ltr' id='par_1_7' title="bbox 123 2461 1229 2642">
     <span class='ocr_line' id='line_1_22' title="bbox 209 2461 1229 2558; baseline 0 -18"><span class='ocrx_word' id='word_1_153' title='bbox 209 2483 259 2546; x_wconf 77' lang='grc'><strong>86.</strong></span> <span class='ocrx_word' id='word_1_154' title='bbox 283 2472 471 2556; x_wconf 64' lang='lat' dir='ltr'><strong>novatum]</strong></span> <span class='ocrx_word' id='word_1_155' title='bbox 492 2461 537 2536; x_wconf 87' lang='lat' dir='ltr'><strong>lta</strong></span> <span class='ocrx_word' id='word_1_156' title='bbox 550 2477 656 2538; x_wconf 89' lang='lat' dir='ltr'><strong>melius</strong></span> <span class='ocrx_word' id='word_1_157' title='bbox 670 2477 709 2536; x_wconf 91' lang='lat' dir='ltr'><strong>ad</strong></span> <span class='ocrx_word' id='word_1_158' title='bbox 722 2477 811 2538; x_wconf 83' lang='lat' dir='ltr'><strong>iidem</strong></span> <span class='ocrx_word' id='word_1_159' title='bbox 828 2477 948 2538; x_wconf 84' lang='lat' dir='ltr'><strong>Codicis</strong></span> <span class='ocrx_word' id='word_1_160' title='bbox 959 2478 1039 2557; x_wconf 78' lang='lat' dir='ltr'><strong>leges</strong></span> <span class='ocrx_word' id='word_1_161' title='bbox 1061 2471 1229 2558; x_wconf 76' lang='lat' dir='ltr'><strong>nsvodpoe</strong></span> 
     </span>
     <span class='ocr_line' id='line_1_23' title="bbox 123 2561 914 2642; baseline 0 -17"><span class='ocrx_word' id='word_1_162' title='bbox 123 2563 221 2642; x_wconf 88' lang='lat' dir='ltr'><strong>enim,</strong></span> <span class='ocrx_word' id='word_1_163' title='bbox 244 2573 280 2623; x_wconf 86' lang='lat' dir='ltr'><strong>ut</strong></span> <span class='ocrx_word' id='word_1_164' title='bbox 294 2563 451 2624; x_wconf 85' lang='lat' dir='ltr'><strong>Cornelius</strong></span> <span class='ocrx_word' id='word_1_165' title='bbox 468 2562 578 2639; x_wconf 82' lang='lat' dir='ltr'>edidit,</span> <span class='ocrx_word' id='word_1_166' title='bbox 600 2583 663 2622; x_wconf 91' lang='lat' dir='ltr'><strong>non</strong></span> <span class='ocrx_word' id='word_1_167' title='bbox 681 2563 757 2622; x_wconf 86' lang='lat' dir='ltr'><strong>bens</strong></span> <span class='ocrx_word' id='word_1_168' title='bbox 770 2583 801 2624; x_wconf 90' lang='lat' dir='ltr'><strong>ss</strong></span> <span class='ocrx_word' id='word_1_169' title='bbox 813 2561 914 2626; x_wconf 82' lang='lat' dir='ltr'><strong>habet.</strong></span> 
     </span>
    </p>
   </div>
   <div class='ocr_carea' id='block_1_8' title="bbox 118 2676 1231 3187">
    <p class='ocr_par' dir='ltr' id='par_1_8' title="bbox 118 2676 1231 3187">
     <span class='ocr_line' id='line_1_24' title="bbox 208 2676 1231 2765; baseline -0.003 -21"><span class='ocrx_word' id='word_1_170' title='bbox 208 2686 260 2748; x_wconf 78' lang='lat'><strong>37.</strong></span> <span class='ocrx_word' id='word_1_171' title='bbox 280 2681 314 2744; x_wconf 90' lang='lat'><strong>‘0</strong></span> <span class='ocrx_word' id='word_1_172' title='bbox 330 2676 452 2764; x_wconf 78' lang='grc' dir='ltr'>πηρός]</span> <span class='ocrx_word' id='word_1_173' title='bbox 481 2681 607 2742; x_wconf 83' lang='lat' dir='ltr'><strong>Caecum</strong></span> <span class='ocrx_word' id='word_1_174' title='bbox 634 2681 799 2743; x_wconf 82' lang='lat' dir='ltr'><strong>Homerum</strong></span> <span class='ocrx_word' id='word_1_175' title='bbox 819 2683 964 2764; x_wconf 90' lang='lat' dir='ltr'><strong>appellat,</strong></span> <span class='ocrx_word' id='word_1_176' title='bbox 994 2683 1142 2765; x_wconf 87' lang='lat' dir='ltr'><strong>plurimos</strong></span> <span class='ocrx_word' id='word_1_177' title='bbox 1165 2691 1231 2742; x_wconf 89' lang='lat' dir='ltr'><strong>tum</strong></span> 
     </span>
     <span class='ocr_line' id='line_1_25' title="bbox 118 2767 1230 2848; baseline 0.001 -23"><span class='ocrx_word' id='word_1_178' title='bbox 118 2767 259 2825; x_wconf 77' lang='lat' dir='ltr'><strong>-Graecos</strong></span> <span class='ocrx_word' id='word_1_179' title='bbox 279 2775 344 2824; x_wconf 81' lang='lat' dir='ltr'><strong>tum</strong></span> <span class='ocrx_word' id='word_1_180' title='bbox 368 2767 489 2825; x_wconf 79' lang='lat' dir='ltr'><strong>Latinos</strong></span> <span class='ocrx_word' id='word_1_181' title='bbox 509 2767 671 2846; x_wconf 73' lang='lat' dir='ltr'><strong>scriptores</strong></span> <span class='ocrx_word' id='word_1_182' title='bbox 691 2769 824 2828; x_wconf 78' lang='lat' dir='ltr'><strong>imitatus</strong></span> <span class='ocrx_word' id='word_1_183' title='bbox 832 2813 841 2844; x_wconf 91' lang='lat'>,</span> <span class='ocrx_word' id='word_1_184' title='bbox 870 2789 997 2848; x_wconf 80' lang='lat' dir='ltr'><strong>quorum</strong></span> <span class='ocrx_word' id='word_1_185' title='bbox 1026 2768 1168 2828; x_wconf 78' lang='lat' dir='ltr'>nonnulli</span> <span class='ocrx_word' id='word_1_186' title='bbox 1191 2786 1230 2826; x_wconf 79' lang='lat' dir='ltr'><strong>ex</strong></span> 
     </span>
     <span class='ocr_line' id='line_1_26' title="bbox 124 2849 1229 2932; baseline -0.001 -21"><span class='ocrx_word' id='word_1_187' title='bbox 124 2849 185 2911; x_wconf 80' lang='lat' dir='ltr'><strong>hoc</strong></span> <span class='ocrx_word' id='word_1_188' title='bbox 207 2851 312 2908; x_wconf 86' lang='lat' dir='ltr'><strong>morbo</strong></span> <span class='ocrx_word' id='word_1_189' title='bbox 326 2853 496 2908; x_wconf 83' lang='lat' dir='ltr'><strong>Homerum</strong></span> <span class='ocrx_word' id='word_1_190' title='bbox 513 2851 604 2910; x_wconf 79' lang='lat' dir='ltr'><strong>fuisse</strong></span> <span class='ocrx_word' id='word_1_191' title='bbox 623 2853 737 2912; x_wconf 87' lang='lat' dir='ltr'><strong>dictum</strong></span> <span class='ocrx_word' id='word_1_192' title='bbox 754 2863 877 2931; x_wconf 88' lang='lat' dir='ltr'><strong>putant,</strong></span> <span class='ocrx_word' id='word_1_193' title='bbox 901 2875 992 2932; x_wconf 86' lang='lat' dir='ltr'><strong>quum</strong></span> <span class='ocrx_word' id='word_1_194' title='bbox 1008 2866 1095 2913; x_wconf 88' lang='lat' dir='ltr'><strong>onteo</strong></span> <span class='ocrx_word' id='word_1_195' title='bbox 1108 2853 1229 2913; x_wconf 82' lang='lat' dir='ltr'><strong>Melosi-</strong></span> 
     </span>
     <span class='ocr_line' id='line_1_27' title="bbox 124 2931 1228 3016; baseline 0.002 -22"><span class='ocrx_word' id='word_1_196' title='bbox 124 2955 212 3014; x_wconf 82' lang='lat' dir='ltr'><strong>genes</strong></span> <span class='ocrx_word' id='word_1_197' title='bbox 230 2943 407 2994; x_wconf 80' lang='lat' dir='ltr'><strong>vocaretur:</strong></span> <span class='ocrx_word' id='word_1_198' title='bbox 429 2931 577 3016; x_wconf 81' lang='grc' dir='ltr'>Ὁμήρους</span> <span class='ocrx_word' id='word_1_199' title='bbox 596 2937 674 2996; x_wconf 89' lang='lat' dir='ltr'><strong>euim</strong></span> <span class='ocrx_word' id='word_1_200' title='bbox 701 2937 787 2996; x_wconf 91' lang='lat' dir='ltr'><strong>Iones</strong></span> <span class='ocrx_word' id='word_1_201' title='bbox 808 2947 838 2996; x_wconf 84' lang='lat' dir='ltr'><strong>et</strong></span> <span class='ocrx_word' id='word_1_202' title='bbox 854 2939 974 2998; x_wconf 85' lang='lat' dir='ltr'><strong>Cumaei</strong></span> <span class='ocrx_word' id='word_1_203' title='bbox 996 2959 1098 2998; x_wconf 83' lang='lat' dir='ltr'><strong>caecos</strong></span> <span class='ocrx_word' id='word_1_204' title='bbox 1121 2938 1228 3016; x_wconf 88' lang='lat' dir='ltr'><strong>appel-</strong></span> 
     </span>
     <span class='ocr_line' id='line_1_28' title="bbox 124 3019 1228 3102; baseline 0.002 -22"><span class='ocrx_word' id='word_1_205' title='bbox 124 3021 197 3083; x_wconf 88' lang='lat' dir='ltr'><strong>lant.</strong></span> <span class='ocrx_word' id='word_1_206' title='bbox 241 3019 355 3102; x_wconf 75' lang='lat' dir='ltr'><strong>Verum</strong></span> <span class='ocrx_word' id='word_1_207' title='bbox 369 3019 406 3078; x_wconf 89' lang='lat' dir='ltr'><strong>de</strong></span> <span class='ocrx_word' id='word_1_208' title='bbox 420 3019 541 3078; x_wconf 82' lang='lat' dir='ltr'><strong>Homeri</strong></span> <span class='ocrx_word' id='word_1_209' title='bbox 558 3022 696 3080; x_wconf 85' lang='lat' dir='ltr'><strong>caecitate</strong></span> <span class='ocrx_word' id='word_1_210' title='bbox 711 3021 849 3097; x_wconf 87' lang='lat' dir='ltr'><strong>consule,</strong></span> <span class='ocrx_word' id='word_1_211' title='bbox 872 3043 947 3100; x_wconf 87' lang='lat' dir='ltr'><strong>quse</strong></span> <span class='ocrx_word' id='word_1_212' title='bbox 971 3023 1067 3082; x_wconf 83' lang='lat' dir='ltr'><strong>fusius</strong></span> <span class='ocrx_word' id='word_1_213' title='bbox 1088 3043 1123 3080; x_wconf 94' lang='lat' dir='ltr'><strong>ac</strong></span> <span class='ocrx_word' id='word_1_214' title='bbox 1148 3023 1228 3082; x_wconf 86' lang='lat' dir='ltr'><strong>mul-</strong></span> 
     </span>
     <span class='ocr_line' id='line_1_29' title="bbox 119 3104 1228 3187; baseline 0.002 -21"><span class='ocrx_word' id='word_1_215' title='bbox 119 3106 224 3166; x_wconf 75' lang='lat' dir='ltr'><strong>tifario</strong></span> <span class='ocrx_word' id='word_1_216' title='bbox 233 3105 401 3165; x_wconf 79' lang='lat' dir='ltr'><strong>eruditione</strong></span> <span class='ocrx_word' id='word_1_217' title='bbox 413 3104 552 3164; x_wconf 70' lang='lat' dir='ltr'><strong>disseruit</strong></span> <span class='ocrx_word' id='word_1_218' title='bbox 566 3107 625 3164; x_wconf 88' lang='lat' dir='ltr'><strong>Leo</strong></span> <span class='ocrx_word' id='word_1_219' title='bbox 641 3106 765 3164; x_wconf 79' lang='lat' dir='ltr'><strong>stlatius</strong></span> <span class='ocrx_word' id='word_1_220' title='bbox 778 3107 814 3166; x_wconf 85' lang='lat' dir='ltr'><strong>de</strong></span> <span class='ocrx_word' id='word_1_221' title='bbox 827 3107 925 3166; x_wconf 85' lang='lat' dir='ltr'><strong>Patria</strong></span> <span class='ocrx_word' id='word_1_222' title='bbox 939 3107 1062 3168; x_wconf 87' lang='lat' dir='ltr'><strong>Homeri</strong></span> <span class='ocrx_word' id='word_1_223' title='bbox 1076 3127 1143 3187; x_wconf 84' lang='lat' dir='ltr'><strong>cop.</strong></span> <span class='ocrx_word' id='word_1_224' title='bbox 1160 3127 1228 3168; x_wconf 82' lang='lat' dir='ltr'><strong>vm.</strong></span> 
     </span>
    </p>
   </div>
   <div class='ocr_carea' id='block_1_9' title="bbox 118 3217 1229 3475">
    <p class='ocr_par' dir='ltr' id='par_1_9' title="bbox 118 3217 1229 3475">
     <span class='ocr_line' id='line_1_30' title="bbox 119 3217 1229 3306; baseline -0.005 -16"><span class='ocrx_word' id='word_1_225' title='bbox 119 3239 122 3246; x_wconf 74' lang='lat'>‘</span> <span class='ocrx_word' id='word_1_226' title='bbox 209 3225 260 3290; x_wconf 80' lang='grc'><strong>40.</strong></span> <span class='ocrx_word' id='word_1_227' title='bbox 287 3225 350 3287; x_wconf 83' lang='lat' dir='ltr'><strong>Teii</strong></span> <span class='ocrx_word' id='word_1_228' title='bbox 370 3217 458 3305; x_wconf 84' lang='grc' dir='ltr'><strong><em>Διός]</em></strong></span> <span class='ocrx_word' id='word_1_229' title='bbox 481 3222 562 3282; x_wconf 87' lang='lat' dir='ltr'><strong>Inter</strong></span> <span class='ocrx_word' id='word_1_230' title='bbox 580 3224 684 3304; x_wconf 87' lang='lat' dir='ltr'><strong>plures</strong></span> <span class='ocrx_word' id='word_1_231' title='bbox 704 3224 852 3305; x_wconf 86' lang='lat' dir='ltr'><strong>populos,</strong></span> <span class='ocrx_word' id='word_1_232' title='bbox 872 3225 925 3306; x_wconf 91' lang='lat' dir='ltr'><strong>qui</strong></span> <span class='ocrx_word' id='word_1_233' title='bbox 949 3225 1006 3286; x_wconf 89' lang='lat' dir='ltr'><strong>sibi</strong></span> <span class='ocrx_word' id='word_1_234' title='bbox 1022 3225 1103 3286; x_wconf 79' lang='lat' dir='ltr'><strong>lovis</strong></span> <span class='ocrx_word' id='word_1_235' title='bbox 1117 3225 1229 3284; x_wconf 84' lang='lat' dir='ltr'><strong>natalia</strong></span> 
     </span>
     <span class='ocr_line' id='line_1_31' title="bbox 123 3307 1229 3392; baseline 0.001 -24"><span class='ocrx_word' id='word_1_236' title='bbox 123 3307 304 3384; x_wconf 86' lang='lat' dir='ltr'><strong>tribuerunt,</strong></span> <span class='ocrx_word' id='word_1_237' title='bbox 329 3309 482 3368; x_wconf 77' lang='lat' dir='ltr'><strong>Cretenses</strong></span> <span class='ocrx_word' id='word_1_238' title='bbox 498 3311 685 3388; x_wconf 87' lang='lat' dir='ltr'><strong>potissimum</strong></span> <span class='ocrx_word' id='word_1_239' title='bbox 698 3309 735 3368; x_wconf 92' lang='lat' dir='ltr'><strong>de</strong></span> <span class='ocrx_word' id='word_1_240' title='bbox 756 3309 793 3369; x_wconf 91' lang='lat' dir='ltr'><strong>iis</strong></span> <span class='ocrx_word' id='word_1_241' title='bbox 812 3312 964 3392; x_wconf 82' lang='lat' dir='ltr'><strong>superbire</strong></span> <span class='ocrx_word' id='word_1_242' title='bbox 981 3311 1097 3389; x_wconf 88' lang='lat' dir='ltr'><strong>solitos,</strong></span> <span class='ocrx_word' id='word_1_243' title='bbox 1118 3330 1166 3370; x_wconf 87' lang='lat' dir='ltr'><strong>res</strong></span> <span class='ocrx_word' id='word_1_244' title='bbox 1183 3318 1229 3371; x_wconf 93' lang='lat' dir='ltr'><strong>est</strong></span> 
     </span>
     <span class='ocr_line' id='line_1_32' title="bbox 118 3393 895 3475; baseline 0.008 -24"><span class='ocrx_word' id='word_1_245' title='bbox 118 3393 200 3452; x_wconf 75' lang='lat' dir='ltr'><strong>‘adeo</strong></span> <span class='ocrx_word' id='word_1_246' title='bbox 214 3393 387 3474; x_wconf 82' lang='lat' dir='ltr'><strong>pervulgato</strong></span> <span class='ocrx_word' id='word_1_247' title='bbox 395 3439 404 3471; x_wconf 90' lang='lat'>‚</span> <span class='ocrx_word' id='word_1_248' title='bbox 426 3403 462 3453; x_wconf 92' lang='lat' dir='ltr'><strong>ut</strong></span> <span class='ocrx_word' id='word_1_249' title='bbox 476 3393 554 3453; x_wconf 90' lang='lat' dir='ltr'><strong>nihil</strong></span> <span class='ocrx_word' id='word_1_250' title='bbox 568 3393 619 3454; x_wconf 86' lang='lat' dir='ltr'><strong>lsic</strong></span> <span class='ocrx_word' id='word_1_251' title='bbox 631 3395 740 3455; x_wconf 76' lang='lat' dir='ltr'><strong>rddere</strong></span> <span class='ocrx_word' id='word_1_252' title='bbox 754 3415 831 3475; x_wconf 91' lang='lat' dir='ltr'><strong>opus</strong></span> <span class='ocrx_word' id='word_1_253' title='bbox 845 3397 895 3457; x_wconf 88' lang='lat' dir='ltr'><strong>sit.</strong></span> 
     </span>
    </p>
   </div>
   <div class='ocr_carea' id='block_1_10' title="bbox 117 3483 1229 3766">
    <p class='ocr_par' dir='ltr' id='par_1_10' title="bbox 117 3483 1229 3766">
     <span class='ocr_line' id='line_1_33' title="bbox 119 3483 1225 3595; baseline -0.004 -17"><span class='ocrx_word' id='word_1_254' title='bbox 119 3577 123 3584; x_wconf 86' lang='grc'><em>,</em></span> <span class='ocrx_word' id='word_1_255' title='bbox 209 3515 261 3578; x_wconf 82' lang='lat'><strong>41.</strong></span> <span class='ocrx_word' id='word_1_256' title='bbox 282 3508 358 3586; x_wconf 77' lang='grc' dir='ltr'><strong>Διός</strong></span> <span class='ocrx_word' id='word_1_257' title='bbox 369 3505 532 3593; x_wconf 70' lang='grc' dir='ltr'><strong>τυράννου]</strong></span> <span class='ocrx_word' id='word_1_258' title='bbox 547 3512 731 3575; x_wconf 88' lang='lat' dir='ltr'><strong>Theodosius</strong></span> <span class='ocrx_word' id='word_1_259' title='bbox 746 3527 888 3595; x_wconf 87' lang='lat' dir='ltr'><strong>sequutus</strong></span> <span class='ocrx_word' id='word_1_260' title='bbox 902 3483 1225 3593; x_wconf 61' lang='lat' dir='ltr'><strong>sententiantium,</strong></span> 
     </span>
     <span class='ocr_line' id='line_1_34' title="bbox 117 3595 1229 3682; baseline 0.004 -26"><span class='ocrx_word' id='word_1_261' title='bbox 117 3595 229 3670; x_wconf 26' lang='lat' dir='ltr'><strong>“lovem</strong></span> <span class='ocrx_word' id='word_1_262' title='bbox 243 3597 369 3658; x_wconf 86' lang='lat' dir='ltr'><strong>eundem</strong></span> <span class='ocrx_word' id='word_1_263' title='bbox 383 3599 472 3658; x_wconf 84' lang='lat' dir='ltr'><strong>fuisso</strong></span> <span class='ocrx_word' id='word_1_264' title='bbox 488 3620 524 3658; x_wconf 87' lang='lat' dir='ltr'><strong>ac</strong></span> <span class='ocrx_word' id='word_1_265' title='bbox 537 3600 653 3677; x_wconf 89' lang='lat' dir='ltr'><strong>Picum,</strong></span> <span class='ocrx_word' id='word_1_266' title='bbox 677 3602 729 3680; x_wconf 89' lang='lat' dir='ltr'><strong>qui</strong></span> <span class='ocrx_word' id='word_1_267' title='bbox 743 3601 777 3660; x_wconf 91' lang='lat' dir='ltr'><strong>in</strong></span> <span class='ocrx_word' id='word_1_268' title='bbox 785 3601 923 3682; x_wconf 79' lang='lat' dir='ltr'><strong>Assyrios</strong></span> <span class='ocrx_word' id='word_1_269' title='bbox 935 3601 1126 3682; x_wconf 79' lang='lat' dir='ltr'><strong>tyrannicum</strong></span> <span class='ocrx_word' id='word_1_270' title='bbox 1142 3621 1229 3660; x_wconf 86' lang='lat' dir='ltr'><strong>exer·</strong></span> 
     </span>
     <span class='ocr_line' id='line_1_35' title="bbox 126 3682 1228 3766; baseline 0.001 -23"><span class='ocrx_word' id='word_1_271' title='bbox 126 3702 196 3743; x_wconf 87' lang='lat' dir='ltr'><strong>cens</strong></span> <span class='ocrx_word' id='word_1_272' title='bbox 212 3682 382 3762; x_wconf 87' lang='lat' dir='ltr'><strong>imperium,</strong></span> <span class='ocrx_word' id='word_1_273' title='bbox 407 3683 585 3764; x_wconf 84' lang='lat' dir='ltr'><strong>flagitiisque</strong></span> <span class='ocrx_word' id='word_1_274' title='bbox 601 3687 782 3764; x_wconf 90' lang='lat' dir='ltr'><strong>turpissimis</strong></span> <span class='ocrx_word' id='word_1_275' title='bbox 791 3708 915 3766; x_wconf 79' lang='lat' dir='ltr'><strong>regnum</strong></span> <span class='ocrx_word' id='word_1_276' title='bbox 933 3685 1228 3761; x_wconf 66' lang='lat' dir='ltr'><strong>suum‘dedecorans,</strong></span> 
     </span>
    </p>
   </div>
   <div class='ocr_carea' id='block_1_11' title="bbox 122 3769 1228 3939">
    <p class='ocr_par' dir='ltr' id='par_1_11' title="bbox 122 3769 1228 3939">
     <span class='ocr_line' id='line_1_36' title="bbox 122 3769 1228 3852; baseline 0.001 -24"><span class='ocrx_word' id='word_1_277' title='bbox 122 3769 238 3849; x_wconf 88' lang='lat' dir='ltr'><strong>populo</strong></span> <span class='ocrx_word' id='word_1_278' title='bbox 254 3769 406 3846; x_wconf 80' lang='lat' dir='ltr'><strong>persuasit,</strong></span> <span class='ocrx_word' id='word_1_279' title='bbox 421 3779 455 3828; x_wconf 92' lang='lat' dir='ltr'><strong>ut</strong></span> <span class='ocrx_word' id='word_1_280' title='bbox 472 3790 540 3830; x_wconf 86' lang='lat' dir='ltr'><strong>eum</strong></span> <span class='ocrx_word' id='word_1_281' title='bbox 556 3771 653 3830; x_wconf 82' lang='lat' dir='ltr'><strong>veluti</strong></span> <span class='ocrx_word' id='word_1_282' title='bbox 663 3771 756 3832; x_wconf 89' lang='lat' dir='ltr'><strong>ileum</strong></span> <span class='ocrx_word' id='word_1_283' title='bbox 769 3773 972 3852; x_wconf 81' lang='lat' dir='ltr'><strong>praedicaret:</strong></span> <span class='ocrx_word' id='word_1_284' title='bbox 987 3793 1024 3832; x_wconf 84' lang='lat' dir='ltr'><strong>ac</strong></span> <span class='ocrx_word' id='word_1_285' title='bbox 1037 3793 1131 3851; x_wconf 88' lang='lat' dir='ltr'><strong>quum</strong></span> <span class='ocrx_word' id='word_1_286' title='bbox 1149 3770 1228 3830; x_wconf 87' lang='lat' dir='ltr'><strong>diens</strong></span> 
     </span>
     <span class='ocr_line' id='line_1_37' title="bbox 122 3853 1226 3939; baseline 0.004 -27"><span class='ocrx_word' id='word_1_287' title='bbox 122 3873 211 3912; x_wconf 90' lang='lat' dir='ltr'><strong>suum</strong></span> <span class='ocrx_word' id='word_1_288' title='bbox 225 3853 362 3927; x_wconf 89' lang='lat' dir='ltr'><strong>obiisset,</strong></span> <span class='ocrx_word' id='word_1_289' title='bbox 386 3853 489 3914; x_wconf 85' lang='lat' dir='ltr'><strong>Cretae</strong></span> <span class='ocrx_word' id='word_1_290' title='bbox 499 3857 650 3935; x_wconf 88' lang='lat' dir='ltr'><strong>sepultus,</strong></span> <span class='ocrx_word' id='word_1_291' title='bbox 673 3856 791 3916; x_wconf 88' lang='lat' dir='ltr'><strong>divinos</strong></span> <span class='ocrx_word' id='word_1_292' title='bbox 807 3857 947 3939; x_wconf 86' lang='lat' dir='ltr'><strong>deinceps</strong></span> <span class='ocrx_word' id='word_1_293' title='bbox 960 3857 1088 3918; x_wconf 89' lang='lat' dir='ltr'><strong>honores</strong></span> <span class='ocrx_word' id='word_1_294' title='bbox 1101 3853 1154 3916; x_wconf 91' lang='lat' dir='ltr'><strong>sub</strong></span> <span class='ocrx_word' id='word_1_295' title='bbox 1171 3857 1226 3916; x_wconf 86' lang='lat' dir='ltr'><strong>lo·</strong></span> 
     </span>
    </p>
   </div>
   <div class='ocr_carea' id='block_1_12' title="bbox 121 3936 1224 4104">
    <p class='ocr_par' dir='ltr' id='par_1_12' title="bbox 121 3936 1224 4104">
     <span class='ocr_line' id='line_1_38' title="bbox 121 3936 1224 4022; baseline 0.003 -24"><span class='ocrx_word' id='word_1_296' title='bbox 121 3936 170 3998; x_wconf 83' lang='lat' dir='ltr'><strong>vis</strong></span> <span class='ocrx_word' id='word_1_297' title='bbox 184 3937 384 4018; x_wconf 84' lang='lat' dir='ltr'><strong>appellatione</strong></span> <span class='ocrx_word' id='word_1_298' title='bbox 402 3949 508 3998; x_wconf 85' lang='lat' dir='ltr'><strong>nactus</strong></span> <span class='ocrx_word' id='word_1_299' title='bbox 525 3950 577 4000; x_wconf 86' lang='lat' dir='ltr'><strong>est.</strong></span> <span class='ocrx_word' id='word_1_300' title='bbox 619 3941 746 4022; x_wconf 78' lang='lat' dir='ltr'><strong>videsis,</strong></span> <span class='ocrx_word' id='word_1_301' title='bbox 769 3963 846 4022; x_wconf 84' lang='lat' dir='ltr'><strong>quas</strong></span> <span class='ocrx_word' id='word_1_302' title='bbox 863 3946 929 4005; x_wconf 82' lang='lat' dir='ltr'><strong>fuse</strong></span> <span class='ocrx_word' id='word_1_303' title='bbox 940 3952 1059 4008; x_wconf 81' lang='lat' dir='ltr'><strong>enarrat</strong></span> <span class='ocrx_word' id='word_1_304' title='bbox 1072 3943 1224 4004; x_wconf 81' lang='lat' dir='ltr'><strong>Cedrenam</strong></span> 
     </span>
     <span class='ocr_line' id='line_1_39' title="bbox 121 4020 561 4104; baseline 0.009 -22"><span class='ocrx_word' id='word_1_305' title='bbox 121 4020 156 4083; x_wconf 87' lang='lat' dir='ltr'><strong>in</strong></span> <span class='ocrx_word' id='word_1_306' title='bbox 178 4023 282 4104; x_wconf 87' lang='lat' dir='ltr'><strong>Comp.</strong></span> <span class='ocrx_word' id='word_1_307' title='bbox 299 4022 411 4082; x_wconf 86' lang='lat' dir='ltr'><strong>Hister.</strong></span> <span class='ocrx_word' id='word_1_308' title='bbox 435 4027 486 4089; x_wconf 86' lang='lat'><strong>16.</strong></span> <span class='ocrx_word' id='word_1_309' title='bbox 511 4029 561 4090; x_wconf 79' lang='lat'><strong>17.</strong></span> 
     </span>
    </p>
   </div>
   <div class='ocr_carea' id='block_1_13' title="bbox 116 4133 1344 4229">
    <p class='ocr_par' dir='ltr' id='par_1_13' title="bbox 116 4133 1344 4229">
     <span class='ocr_line' id='line_1_40' title="bbox 116 4133 1344 4229; baseline 0.002 -25"><span class='ocrx_word' id='word_1_310' title='bbox 116 4167 120 4175; x_wconf 93' lang='lat'>·</span> <span class='ocrx_word' id='word_1_311' title='bbox 207 4142 257 4208; x_wconf 78' lang='grc'><strong>43.</strong></span> <span class='ocrx_word' id='word_1_312' title='bbox 282 4133 411 4223; x_wconf 77' lang='grc' dir='ltr'><strong><em>Στήγας]</em></strong></span> <span class='ocrx_word' id='word_1_313' title='bbox 433 4141 513 4201; x_wconf 89' lang='lat' dir='ltr'><strong>Huic</strong></span> <span class='ocrx_word' id='word_1_314' title='bbox 526 4143 597 4202; x_wconf 78' lang='lat' dir='ltr'><strong>voci</strong></span> <span class='ocrx_word' id='word_1_315' title='bbox 613 4144 715 4204; x_wconf 86' lang='lat' dir='ltr'><strong>nullus</strong></span> <span class='ocrx_word' id='word_1_316' title='bbox 733 4165 834 4206; x_wconf 87' lang='lat' dir='ltr'><strong>sensus</strong></span> <span class='ocrx_word' id='word_1_317' title='bbox 852 4147 949 4228; x_wconf 87' lang='lat' dir='ltr'><strong>aptari</strong></span> <span class='ocrx_word' id='word_1_318' title='bbox 964 4157 1073 4229; x_wconf 87' lang='lat' dir='ltr'><strong>potest.</strong></span> <span class='ocrx_word' id='word_1_319' title='bbox 1117 4147 1228 4208; x_wconf 80' lang='lat' dir='ltr'><strong>Corne-</strong></span> <span class='ocrx_word' id='word_1_320' title='bbox 1342 4148 1344 4156; x_wconf 77' lang='grc'>’</span> 
     </span>
    </p>
   </div>
   <div class='ocr_carea' id='block_1_14' title="bbox 119 4224 1231 4472">
    <p class='ocr_par' dir='ltr' id='par_1_14' title="bbox 119 4224 1231 4472">
     <span class='ocr_line' id='line_1_41' title="bbox 120 4224 1228 4312; baseline 0.005 -26"><span class='ocrx_word' id='word_1_321' title='bbox 120 4224 179 4286; x_wconf 93' lang='lat' dir='ltr'><strong>lius</strong></span> <span class='ocrx_word' id='word_1_322' title='bbox 193 4228 329 4287; x_wconf 85' lang='lat' dir='ltr'><strong>emendat</strong></span> <span class='ocrx_word' id='word_1_323' title='bbox 342 4227 444 4311; x_wconf 77' lang='grc' dir='ltr'><strong><em>στέγα,</em></strong></span> <span class='ocrx_word' id='word_1_324' title='bbox 467 4247 525 4307; x_wconf 87' lang='lat' dir='ltr'><strong>qus</strong></span> <span class='ocrx_word' id='word_1_325' title='bbox 538 4237 637 4289; x_wconf 87' lang='lat' dir='ltr'><strong>tamen</strong></span> <span class='ocrx_word' id='word_1_326' title='bbox 652 4231 768 4291; x_wconf 86' lang='lat' dir='ltr'><strong>ratione</strong></span> <span class='ocrx_word' id='word_1_327' title='bbox 790 4243 820 4291; x_wconf 85' lang='lat' dir='ltr'><strong>et</strong></span> <span class='ocrx_word' id='word_1_328' title='bbox 843 4254 904 4312; x_wconf 92' lang='lat' dir='ltr'><strong>quo</strong></span> <span class='ocrx_word' id='word_1_329' title='bbox 927 4253 1034 4310; x_wconf 90' lang='lat' dir='ltr'><strong>sensu,</strong></span> <span class='ocrx_word' id='word_1_330' title='bbox 1055 4253 1119 4292; x_wconf 90' lang='lat' dir='ltr'><strong>non</strong></span> <span class='ocrx_word' id='word_1_331' title='bbox 1133 4233 1228 4293; x_wconf 86' lang='lat' dir='ltr'><strong>intel-</strong></span> 
     </span>
     <span class='ocr_line' id='line_1_42' title="bbox 119 4309 1231 4402; baseline 0.006 -33"><span class='ocrx_word' id='word_1_332' title='bbox 119 4309 189 4390; x_wconf 83' lang='lat' dir='ltr'><strong>ligo.</strong></span> <span class='ocrx_word' id='word_1_333' title='bbox 244 4311 391 4392; x_wconf 81' lang='lat' dir='ltr'><strong>Equidem</strong></span> <span class='ocrx_word' id='word_1_334' title='bbox 419 4314 598 4392; x_wconf 81' lang='lat' dir='ltr'><strong>corrigerem</strong></span> <span class='ocrx_word' id='word_1_335' title='bbox 619 4316 738 4394; x_wconf 72' lang='grc' dir='ltr'><strong><em>στίξας,</em></strong></span> <span class='ocrx_word' id='word_1_336' title='bbox 769 4318 842 4377; x_wconf 89' lang='lat' dir='ltr'><strong>adeo</strong></span> <span class='ocrx_word' id='word_1_337' title='bbox 867 4327 900 4402; x_wconf 84' lang='lat' dir='ltr'><strong>ut</strong></span> <span class='ocrx_word' id='word_1_338' title='bbox 921 4310 963 4400; x_wconf 78' lang='grc' dir='ltr'><strong>ἦν</strong></span> <span class='ocrx_word' id='word_1_339' title='bbox 982 4319 1086 4396; x_wconf 73' lang='grc' dir='ltr'><strong><em>στέξας</em></strong></span> <span class='ocrx_word' id='word_1_340' title='bbox 1112 4319 1231 4378; x_wconf 84' lang='lat' dir='ltr'><strong>indicet</strong></span> 
     </span>
     <span class='ocr_line' id='line_1_43' title="bbox 753 4437 771 4472; baseline 0 0"><span class='ocrx_word' id='word_1_341' title='bbox 753 4437 771 4472; x_wconf 78' lang='lat'>0</span> 
     </span>
    </p>
   </div>
   <div class='ocr_carea' id='block_1_15' title="bbox 0 0 1496 4798">
    <p class='ocr_par' dir='ltr' id='par_1_15' title="bbox 0 0 1496 4798">
     <span class='ocr_line' id='line_1_44' title="bbox 0 0 1496 4798; baseline 0 2"><span class='ocrx_word' id='word_1_342' title='bbox 0 0 1496 4798; x_wconf 95' lang='lat' dir='ltr'><strong> </strong></span> 
     </span>
    </p>
   </div>
  </div>
 </body>
</html>
