2984 4798
287 329 367 407 560
474 341 516 414 N.
537 342 583 412 M.
601 341 628 414 F
631 341 805 412 OGGlNll
824 340 1171 415 ADNOTATIONES

284 523 402 585 passas
416 511 468 580 est,
482 519 533 562 sea
544 503 694 580 permisit,
709 500 852 564 namhoc
864 499 1388 588 etiamssnsuverbum'usiyaapud

288 588 450 669 scriptores
471 587 600 648 Graecos
620 585 760 648 occurrit.

177 725 209 780 p,
222 725 275 780 390
364 695 427 761 ¹46.
454 688 582 771 Ταύτης]
604 691 706 751 Malim
725 684 852 772 sudans,
871 702 906 753 ut
924 693 958 753 in
975 713 1005 754 v.
1019 692 1069 761 49.
1091 714 1180 774 quem
1197 715 1214 755 e
1232 696 1386 758 contrario

185 793 243 848 col,
258 795 273 848 1
293 781 449 840 Cornelius
475 799 512 836 ex
531 777 669 836 hocloco
684 777 821 836 emendat
836 797 867 835 ea
883 780 998 838 ratione
1013 781 1140 855 ductus,
1161 781 1243 859 quod
1260 782 1386 840 verbum

287 863 402 946 κρατέω
424 863 601 943 plerumque
629 881 697 921 cum
710 863 841 940 genitivo
858 864 1050 924 construitur.
1092 865 1222 942 Verum,
1249 867 1385 925 licetra-

288 951 362 1026 rius,
384 950 544 1028 scriptores
557 945 666 1008 Graeci
679 947 881 1006 accusativum
895 969 1013 1027 quoque
1026 950 1053 1008 ei
1066 950 1216 1026 tribuunt,
1240 971 1274 1009 ac
1287 950 1386 1008 Theo·

288 1035 404 1097 dasium
416 1034 457 1092 sic
471 1031 549 1092 illud
562 1034 774 1102 construxisse,
797 1043 968 1109 argumento
985 1043 1028 1092 est
1043 1034 1236 1114 participium
1250 1033 1386 1117 nipast»-

289 1139 361 1198 σαν,
389 1119 470 1198 quod
488 1117 622 1198 alioquin
636 1118 791 1177 emendare
808 1117 878 1176 item
893 1118 1041 1178 debuisset
1055 1120 1220 1180 Cornelius.

371 1226 422 1292 51.
448 1223 603 1308 Tplnoyyu]
627 1222 846 1300 Triconchum,
868 1223 950 1303 quod
967 1231 1029 1282 erat
1044 1224 1216 1284 cubiculum
1228 1225 1260 1283 in
1272 1223 1385 1306 palatio

286 1309 501 1391 Imperatorum
514 1309 611 1367 tribus
628 1309 791 1368 fornicibus
801 1319 1005 1383 exstructum,
1026 1329 1112 1388 saepe
1131 1321 1295 1370 memorant
1307 1309 1386 1368 scri-

220 1457 222 1465 ,
287 1406 391 1476 ptores
408 1393 574 1474 Byzantini,
597 1414 723 1473 quorum
738 1395 929 1452 auctoritates
940 1395 1033 1452 retest
1049 1395 1265 1454 Du·Fresnius
1277 1395 1308 1452 in
1322 1395 1388 1453 De-

287 1479 450 1558 scriptioue
468 1478 742 1559 Constantinopolis
759 1477 943 1537 Christianae
959 1478 1009 1537 lib.
1025 1479 1061 1538 lI.
1081 1489 1152 1542 sect.
1169 1479 1218 1538 Ν.
1234 1500 1315 1538 num.
1332 1483 1387 1545 11.

287 1575 317 1626 et
330 1565 381 1624 lib.
391 1565 439 1626 tv.
454 1564 729 1628 sectVll.uum.1.
746 1563 856 1624 Verum
871 1564 989 1624 diverso
1004 1564 1091 1644 plane
1106 1583 1192 1624 sensu
1205 1563 1263 1624 hoc
1275 1583 1389 1623 nomen

287 1649 408 1710 adhibet
420 1649 604 1708 Theodosius
614 1695 622 1726 ,
646 1648 698 1730 qui
716 1648 752 1706 ad
768 1669 848 1707 arma
865 1649 943 1708 illud
955 1650 1135 1708 transferens
1152 1648 1316 1710 adhibuisse
1332 1649 1389 1709 vi-

287 1735 374 1798 detur
388 1735 426 1794 ad
436 1734 673 1814 significandum,
690 1733 769 1814 quod
786 1733 929 1812 Polybius
944 1733 997 1792 lib.
1012 1733 1062 1794 Vl.
1074 1754 1140 1816 pag.
1152 1736 1224 1801 469.
1239 1736 1389 1816 σιδηροῦν

285 1815 394 1900 κόγχον
417 1819 593 1900 appellavit,
615 1821 714 1899 clypei
737 1818 876 1878 nimirum
899 1818 1072 1894 umbonem,
1095 1840 1146 1878 seu
1168 1821 1295 1880 ferreum
1308 1819 1390 1879 illud

287 1905 459 1984 spiculum,
481 1905 562 1984 quod
577 1905 610 1963 in
625 1904 722 1963 medio
739 1903 836 1983 clypei
849 1904 1036 1985 prominebat
1057 1913 1087 1962 et
1110 1914 1173 1963 erat
1193 1903 1389 1982 triangulare.

284 1990 353 2050 Non
370 1990 544 2066 absimiliter
555 2009 630 2049 voce
643 1991 799 2074 τρίκογχον
808 1991 846 2049 ad
858 1989 1042 2068 triangulum
1055 1987 1270 2070 designandum
1277 1989 1390 2050 Graeci

230 2154 233 2162 Ι
283 2077 464 2135 recentiores
485 2083 622 2139 utuntur.
983 2077 985 2084 '

369 2185 419 2249 53.
442 2177 643 2262 Μιαιφόνων]
665 2181 710 2241 lta
731 2179 850 2256 Codex,
870 2179 956 2239 etsie
977 2199 1097 2260 quoque
1109 2181 1147 2241 ad
1164 2201 1245 2243 oram
1260 2180 1389 2260 paginas

284 2269 456 2328 emendavit
472 2269 644 2343 Cornelius,
666 2287 754 2346 quam
770 2266 898 2325 inseruit
912 2267 946 2325 in
959 2275 1046 2325 textu
1064 2283 1127 2326 nan
1140 2287 1157 2325 a
1172 2265 1280 2344 veteri,
1302 2267 1388 2326 seda

283 2374 364 2415 novo
383 2353 528 2434 scriptore
544 2353 680 2413 vitiatam
696 2369 810 2414 vocem.

369 2465 420 2526 62
443 2457 583 2538 Πνεῦμα]
606 2455 757 2516 Siohabet
773 2456 885 2531 Codex,
904 2465 937 2516 et
949 2455 991 2515 sic
1008 2457 1164 2517 Cornelius
1175 2457 1387 2538 corrigendum
1484 2477 1486 2520 ἐ

285 2543 460 2618 adnotavit,
482 2544 565 2622 quod
577 2543 655 2601 mals
669 2541 854 2622 descriptum
867 2552 1032 2622 acceperat.
1090 2608 1093 2616 ,

389 2667 441 2728 67.
467 2657 525 2728 Tdu
540 2658 660 2742 χιτῶνα]
683 2659 779 2720 Huius
802 2661 896 2720 vestis
919 2659 1109 2740 Moamethis,
1135 2683 1225 2743 quam
1246 2659 1386 2739 religioso
1484 2703 1486 2726 .

286 2747 373 2808 cultu
391 2749 503 2806 Turcas
522 2755 721 2826 prosequutus
740 2745 870 2806 affirmat
882 2745 1080 2822 Theodosius,
1103 2749 1185 2828 apud
1197 2769 1262 2822 eos,
1282 2746 1330 2825 qui
1347 2746 1387 2806 de

284 2831 459 2896 Moamethis
468 2832 530 2892 vita
544 2841 574 2890 et
589 2831 625 2890 de
639 2831 802 2892 Turesrum
814 2831 999 2910 dogmatibus
1011 2832 1165 2911 accipiere,
1179 2833 1263 2892 nulla
1272 2831 1386 2890 mentio

286 2929 340 2979 est.
375 2917 474 2991 Quare
489 2917 538 2976 rel
550 2917 622 2975 huic
635 2917 705 2975 voci
720 2917 862 2975 mendum
879 2917 985 2992 inesse,
1001 2917 1049 2976 vel
1062 2919 1121 2976 alio
1132 2937 1231 2992 sensu,
1246 2937 1333 2996 quam
1348 2915 1387 2976 ds
1483 2945 1485 3000 ἰ

284 3013 377 3081 veste,
397 3001 605 3084 explicandam
621 3020 682 3061 esse
694 3002 881 3062 crediderim.
904 3002 1070 3082 Scriptores
1084 3001 1296 3079 Ecclesiastici,
1309 3019 1386 3078 quos
1483 3001 1485 3022 ³

284 3089 367 3148 inter
383 3086 589 3148 'theodoretus
601 3087 720 3159 Quaest.
732 3087 873 3146 XXXIX.
888 3085 922 3144 in
935 3088 1072 3146 Genesim
1088 3109 1155 3166 pag.
1172 3088 1224 3153 34.
1244 3089 1273 3145 S.
1289 3084 1386 3146 sabs-

283 3175 385 3236 nasius
401 3173 521 3246 Quaest.
538 3173 596 3232 LV.
611 3171 648 3230 ad
661 3171 853 3248 Antiochum,
868 3173 898 3232 S.
912 3173 1072 3250 Gregorius
1084 3173 1288 3232 Nazianzenus
1299 3171 1383 3230 Orat.
1483 3169 1484 3172 ’

284 3260 453 3320 XXXVlll.
469 3279 534 3338 pag.
546 3261 618 3324 619.
640 3267 670 3316 et
682 3257 843 3334 Origenes,
867 3266 942 3316 teste
956 3260 984 3318 S.
999 3257 1166 3340 Epiphanio
1188 3267 1254 3316 tum
1271 3253 1386 3316 haeresi

283 3343 389 3406 LXIV.
411 3366 442 3424 p.
464 3349 541 3418 229,
564 3352 629 3402 tum
655 3341 687 3400 in
706 3341 857 3402 Ancorato
879 3363 945 3421 pag.
959 3343 1038 3418 494,
1062 3345 1098 3402 de
1112 3342 1223 3402 tunicis
1240 3343 1301 3402 illis
1315 3339 1384 3421 pel·

283 3429 368 3489 liceis
391 3429 586 3506 disserentes,
608 3427 713 3506 quihus
737 3427 833 3486 Adam
855 3437 885 3485 et
910 3427 1023 3485 llevam
1039 3427 1115 3486 Deus
1136 3437 1207 3507 post
1228 3435 1384 3508 peccatum

165 3585 169 3596 ⁴
284 3515 434 3590 contexit,
455 3533 560 3572 vocem
579 3516 704 3590 χιτῶνα,
727 3531 785 3591 qua
801 3531 901 3571 sacrae
913 3511 1040 3590 Paginae
1057 3521 1187 3573 utuntur
1205 3513 1244 3571 ad
1265 3529 1385 3571 caruem
1481 3561 1482 3564 ,

286 3617 455 3679 corpusque
480 3597 712 3676 designandum,
734 3617 825 3656 sensu
845 3605 924 3656 certe
946 3597 1047 3656 minus
1068 3597 1175 3672 obvio,
1198 3597 1385 3656 transtulere.
1481 3627 1483 3658 i

283 3685 428 3760 Consule,
455 3683 482 3742 si
505 3683 603 3754 lubet,
626 3701 730 3742 eorum
751 3681 943 3742 auctoritates
970 3683 1052 3761 apud
1072 3685 1230 3746 Suicerum
1251 3681 1282 3741 iu
1302 3678 1385 3740 The-

283 3791 372 3830 sauro
386 3767 604 3829 Ecclesiastico.
646 3767 765 3847 ltaque,
789 3767 864 3848 quid
886 3768 912 3826 si
930 3767 962 3825 in
978 3769 1079 3827 eodem
1099 3787 1187 3827 sensu
1201 3765 1385 3826 Theodosius
1468 3755 1483 3837 „¹

280 3875 388 3915 vocem
411 3851 605 3912 adhibuerit?
637 3852 753 3933 Corpus
777 3851 1100 3932 profectolloamethis
1118 3851 1252 3912 bladinus
1275 3871 1386 3932 super·
1480 3851 1481 3860 ’

282 3949 437 3999 exstructa
450 3937 584 3997 aedicula
601 3938 760 4018 sepultum,
771 3938 814 3997 ita
827 3947 861 3997 ut
875 3938 1023 3996 a‘nemine
1041 3937 1136 4020 possit
1152 3937 1295 4016 conspici,
1317 3955 1386 3995 ma·
1480 3997 1482 4010 ἐ

281 4024 373 4084 xlmis
403 4023 447 4082 ibi
474 4043 656 4102 prorsusque
677 4023 785 4082 divinis
808 4025 921 4082 'furcas
950 4024 1090 4102 prosequi
1110 4022 1275 4082 honoribus
1301 4021 1385 4102 apud
1466 4020 1482 4079 “..

283 4127 386 4169 omues
402 4107 434 4168 in
450 4117 604 4188 comperto
621 4117 674 4168 est.
717 4109 796 4168 Hinc
810 4107 856 4182 fit,
878 4110 961 4188 quod
976 4115 1064 4188 poeta
1078 4107 1203 4168 infames
1216 4107 1306 4166 hosca
1321 4107 1385 4166 cul-
1479 4163 1481 4178 ,

283 4203 365 4256 tores
379 4193 486 4256 merito
499 4194 628 4272 sugillet,
651 4193 702 4272 qui
716 4193 891 4254 Moamethis
906 4214 1023 4272 corpus,
1046 4203 1199 4272 tamquam
1222 4191 1291 4274 puri
1312 4211 1386 4252 san-
1479 4207 1480 4222 ³

284 4281 385 4362 atique
397 4277 528 4340 hominis
544 4278 679 4362 spolium
690 4280 929 4361 veumabsntur,
950 4279 1022 4340 dum
1038 4279 1076 4340 ob
1088 4279 1171 4342 'vitae
1183 4279 1331 4340 sadonem
1345 4275 1385 4339 ab
1479 4293 1481 4300 ’
