3058 4808
260 372 336 452 312
595 383 827 456 NICEPHORI
846 383 1022 454 PHOCAE

215 523 224 548 ,
261 548 331 637 „peip
348 542 549 638 μεριμνήσητε
567 546 668 636 γάρ,”
693 550 788 638 φησὶ,
816 551 876 630 „ri
894 543 1025 638 φάγητε,
1052 543 1074 632 ἢ
1094 549 1128 614 τί
1144 544 1277 634 πίητε·”
1303 552 1353 614 καὶ

102 667 114 692 “
260 655 298 722 τδ
317 659 379 720 τῶν
399 659 540 720 πετεινῶν
559 649 720 739 ἀπραγμος
738 653 779 728 είς
795 649 909 727 ὄνειδος
929 647 1001 734 ἡμῖν
1019 652 1237 738 προτιθέντων.
1273 655 1307 718 τί
1321 653 1354 718 δέ

262 760 314 824 καὶ
334 753 351 822 ὅ
374 761 461 831 θεῖος
483 752 673 841 ἀπόστολος,·
699 755 766 838 „ci
785 764 882 839 χεῖρες
898 745 1037 834 αῦται,”
1063 757 1175 842 φησίν,
1202 754 1307 836 ,,έμοί
1321 780 1353 820 τε

263 862 313 927 καὶ
326 867 391 935 τοῖς
403 857 467 924 ’σδν
481 859 549 946 ἐμοί
567 855 766 943 διηκένησαν·
802 859 870 938 καὶ,
898 855 1043 940 ,ἔχοντες
1066 859 1100 922 δὲ
1121 857 1292 944 διατροφὰς
1303 859 1354 922 καὶ

261 957 483 1045 σκεπάσματα,
503 959 625 1038 τοῦτοις
639 957 910 1048 ἀρκεσθησόμεθα.
919 959 939 990 ”
974 959 1029 1025 τὸν
1047 961 1117 1042 βίον
1141 958 1200 1045 δρα
1217 986 1272 1034 μοι
1292 966 1378 1026 τῶν5

262 1067 357 1132 θείων
379 1064 536 1153 πατέρων,
563 1071 625 1130 τῶν
648 1065 679 1132 ίν
703 1059 852 1154 Αίγῦπτιρ
876 1064 970 1150 φημί,
1004 1067 1066 1128 τῶν
1090 1063 1122 1128 έν
1148 1063 1352 1149 Παλαιστίνῃ,

219 1189 224 1200 ·
261 1175 325 1236 τῶν
348 1168 381 1234 έν
402 1166 627 1256 Ἀλεξανδρείᾳ,
655 1171 716 1232 τῶν
743 1165 878 1249 ἀλλαχοῦ
897 1170 1053 1248 πολλαχοῦ
1068 1171 1130 1250 γῆς
1151 1161 1351 1248 λαμψοίντων,

263 1274 314 1338 xci
334 1276 446 1336 τοῦτον
470 1265 567 1348 οὕτως
583 1267 667 1336 λιτδν
685 1265 820 1355 εὑρήσεις
825 1317 836 1350 ,
864 1265 962 1343 οὕτως
982 1265 1160 1354 ἀπέριττον,
1190 1263 1233 1344 ῶς
1248 1267 1354 1352 σχεδὸν

263 1369 344 1459 μόνῃ
368 1378 456 1464 ψυχῇ
480 1375 594 1452 ζῶντας
616 1368 730 1448 αὖτοδς
759 1371 953 1457 ἀποφαίνειν,
988 1372 1038 1434 καί
1062 1377 1117 1453 τῆς
1139 1375 1201 1435 τῶν
1225 1369 1354 1456 ἀγγέλων

265 1472 366 1560 ῶσπερ
387 1471 633 1562 παραψαῦοντας
651 1474 767 1550 ἀϋλίας.
807 1473 907 1548 ἀλλως
932 1473 965 1539 δέ
991 1479 1047 1538 τοῦ
1065 1477 1206 1558 Χριστοῦ
1224 1472 1354 1556 βιαστὴν
1364 1485 1400 1536 10

264 1573 409 1665 ἀπείργειν
423 1577 480 1662 τὴν
495 1579 652 1662 βασιλείαν
667 1583 730 1644 τῶν
749 1575 888 1664 οὐρανῶν
902 1575 1057 1660 λέγοντος,
1086 1577 1136 1640 καὶ
1151 1575 1283 1658 βιαστάς
1299 1571 1356 1660 ἀρ-

264 1676 367 1760 πάζειν
380 1679 487 1766 αὐτὴν,
498 1683 548 1746 καί
562 1681 613 1746 διά
620 1685 740 1746 πολλῶν
751 1681 891 1762 θλίψεων
904 1680 966 1744 δεῖν
978 1675 1060 1762 ἡμᾶς
1074 1681 1115 1753 είς
1130 1677 1227 1762 αὐτὴν
1243 1680 1352 1759 ἐλθεῖν,

266 1780 341 1850 ὅταν
360 1779 424 1870 δρῶ
444 1783 517 1860 τοῦς
532 1782 608 1870 πρὸς
624 1789 761 1850 τοιοῦτον
780 1784 850 1865 βίον
863 1791 973 1867 χωρεῖν
992 1781 1279 1866 ἐπαγγελλομένους,
1307 1785 1356 1846 καί

264 1891 305 1974 τῇ
333 1882 495 1973 ἀπαλλαγῇ
518 1892 573 1952 τοῦ
592 1883 750 1970 σχήματος
770 1882 872 1970 ῶσπερ
894 1884 1130 1968 σημειουμένους
1151 1889 1189 1970 τῇ
1210 1885 1354 1972 πολιτείᾳ,

266 1984 390 2076 σφόδρα
406 1996 461 2055 τοῦ
478 1989 702 2074 ἐπαγγέλματος
719 1987 1023 2070 καταψευδομένους,
1051 1989 1102 2050 καί
1117 1985 1356 2073 ἀντιφθεγγομέ-
1365 1996 1400 2050 15

256 2115 338 2170 Ινους
362 2097 406 2180 τῷ
426 2088 570 2176 σχήματι,
595 2090 652 2157 οῦκ
666 2087 736 2156 οίδα
751 2095 815 2164 πῶς
825 2089 891 2172 οάχὶ
908 2087 1021 2174 σκηνὴν
1034 2089 1152 2156 καλέσω
1166 2089 1202 2154 τὸ
1219 2095 1354 2176 πρᾶγμα,

266 2195 317 2258 καὶ
337 2197 379 2272 είς
399 2196 602 2280 βλασφημίαν
620 2198 743 2280 χωροῦν
767 2189 906 2278 ἀντικρυς
927 2197 983 2257 τοῦ
1000 2187 1151 2273 ὀνόματος
1172 2191 1283 2276 εἴποιμι
1302 2198 1357 2256 τοῦ

266 2299 417 2382 Χριστοῦ.
451 2298 513 2363 inei
530 2289 585 2362 οὖν
602 2295 672 2362 urite
688 2293 872 2377 ἀποστολική
894 2319 960 2374 τις,
988 2293 1057 2360 οῦτε
1073 2293 1203 2380 πατρικὴ
1224 2300 1360 2378 νομοθε-.

267 2399 339 2480 σία,
366 2395 386 2482 ἦ
402 2405 464 2466 τῶν
482 2399 706 2486 πολυπλέθρων
720 2394 839 2464 τούτων
854 2396 955 2483 ἀγρῶν
972 2399 1023 2462 καί
1044 2403 1105 2462 τῶν
1120 2399 1241 2481 χωρίων
1254 2404 1358 2480 κτῆσις

267 2505 330 2565 τῶν
350 2499 448 2578 οὕτως
460 2497 625 2588 ῦπερφυῶν
644 2503 695 2566 καί
714 2501 885 2586 φροντίδων
904 2503 1026 2582 πλῆθος
1042 2494 1116 2585 ὖιτέρ
1138 2499 1211 2576 τοδς
1223 2499 1402 2584 nannetem

266 2609 373 2693 γεννᾷν
389 2600 569 2690 πεφυκότων
584 2604 663 2694 (πῶς
677 2602 736 2688 γάρ
753 2601 791 2667 οῦ
796 2631 808 2685 ‚-
835 2602 866 2667 εί
874 2627 907 2688 γε
922 2598 1040 2669 τούτων
1054 2603 1110 2682 μέν
1123 2597 1143 2688 ἡ
1160 2603 1278 2686 σπουδὴ
1285 2651 1296 2682 ,
1323 2602 1358 2666 τὸ

268 2703 394 2798 συνφδά
409 2707 526 2792 πρᾶξαί
535 2731 568 2772 τε
582 2708 634 2772 καί
645 2701 766 2782 διδάξαι
780 2715 848 2780 ταῖς
862 2711 918 2772 τοῦ
928 2707 1068 2790 Χριστοῦ
1081 2703 1232 2782 ἐντολαῖς·
1255 2705 1358 2788 ἐντολὴ

335 2905 374 2969 9.Ι
388 2898 565 2974 ἀποφαίνειν.
635 2904 675 2961 17.
693 2897 807 2977 βλάβην.
875 2905 918 2958 21.
943 2900 1063 2966 τούτοις.

269 3071 344 3138 tie,”
361 3071 525 3145 inquientes,
541 3073 629 3146 „quid
650 3073 831 3129 comedendum
850 3071 939 3135 vobis,
954 3076 1000 3128 aut
1018 3071 1079 3141 quid
1095 3071 1229 3136 bibenduu
1246 3071 1316 3143 ott:
1332 3079 1358 3128 et

269 3143 353 3197 evium
364 3153 495 3214 expertem
509 3159 627 3198 curetum
638 3145 718 3197 vitum
731 3161 747 3197 ο
767 3142 863 3212 probrii
877 3157 955 3194 oeuee
968 3141 1041 3208 nobie
1053 3141 1211 3196 obiicientee.
1234 3143 1304 3206 Quid
1315 3158 1358 3196 eu-

269 3222 322 3266 teor
343 3212 445 3267 divinoe
461 3215 538 3268 etiem
556 3211 687 3298 epoetoiue
706 3161 770 3266 illept
793 3210 948 3278 „Munue,”
965 3210 1016 3273 eit,
1033 3211 1107 3275 „hue
1122 3220 1174 3264 tem
1194 3211 1270 3276 mihi,
1288 3227 1360 3280 quern

269 3295 366 3334 enecone
382 3283 536 3350 degentibus
554 3281 769 3335 ministreruut”r
791 3281 871 3344 item,
887 3279 1047 3344 „Habentes
1067 3280 1200 3345 retinente,
1225 3288 1253 3334 et
1271 3281 1361 3349 quibu·

270 3355 401 3418 teguntur,
420 3349 460 3403 hie
477 3351 592 3405 contenti
606 3349 732 3405 erinue.’'
766 3349 869 3420 Inspice
886 3349 948 3401 mihi
961 3347 1040 3400 vitent
1054 3347 1169 3404 dirorum
1185 3357 1300 3418 petrum,
1335 3348 1361 3400 ui

270 3419 392 3471 vixerunt
401 3419 429 3471 iu
442 3421 571 3490 Aegypte,
586 3419 614 3472 in
627 3419 783 3484 Palaestine,
802 3418 847 3488 qui
858 3417 1037 3481 Alexandriae,
1073 3417 1099 3468 ui
1112 3417 1174 3470 olibi
1185 3418 1270 3472 multis
1283 3367 1363 3469 inio-

271 3487 310 3538 eie
322 3487 392 3538 orbi·
403 3493 528 3541 terrerum
537 3489 679 3542 fulremntr
699 3487 764 3542 edeo
779 3493 881 3540 aunem
895 3485 1024 3550 iuverriee,
1042 3435 1107 3538 cieo
1120 3487 1305 3555 eoperfluitetir
1318 3501 1363 3538 ex·

270 3559 387 3625 perteue,
402 3561 433 3608 ut
449 3557 504 3608 eoin
522 3575 551 3610 ee
569 3557 750 3626 propemodum
767 3557 853 3610 enine
872 3556 962 3608 vivere
974 3554 1153 3619 ostenderent,
1172 3563 1199 3608 et
1217 3555 1363 3624 augelorum

271 3629 388 3675 nuturenr
403 3639 511 3677 vacuent
527 3624 648 3678 materiae
661 3625 795 3679 creeeiorie
813 3623 950 3693 attingere.
986 3623 1144 3693 ceteroquin
1162 3625 1240 3677 εείεοι
1262 3623 1364 3677 dicente

272 3691 393 3756 Christo,
416 3709 521 3760 regnum
542 3693 654 3747 occiente
674 3693 701 3748 vi
720 3693 825 3764 pareri,
842 3700 871 3746 et
891 3709 908 3744 α
923 3691 1043 3745 violentie
1058 3691 1086 3744 id
1105 3693 1178 3761 rupi,
1196 3699 1224 3746 et
1242 3701 1363 3762 oportere

272 3773 319 3812 noe
333 3775 380 3878 per
390 3760 568 3816 tribuinticnee
580 3763 673 3826 multer
689 3781 720 3815 eo
738 3763 890 3832 pervenirer
908 3777 984 3831 quurn
1002 3760 1059 3812 iiior
1079 3759 1173 3826 video,
1190 3763 1235 3830 qui
1254 3777 1365 3831 pergere

273 3845 331 3880 ree
362 3827 485 3883 eiunucdi
501 3830 580 3884 vitem
592 3832 761 3901 profitentur,
779 3835 808 3882 et
825 3831 928 3883 hebitue
941 3829 1079 3882 mutatione
1090 3830 1170 3883 veluti
1184 3831 1318 3899 eiguentur
1329 3831 1363 3882 ed

273 3913 328 3948 cern
346 3897 418 3950 eit-re
436 3897 573 3963 rationem,
589 3901 752 3954 vehementer
768 3901 834 3952 hunc
851 3897 1066 3966 exspectationem
1087 3899 1192 3963 ieiiere,
1215 3905 1242 3951 et
1261 3915 1294 3950 ue
1312 3898 1321 3950 i
1341 3897 1364 3950 ei

273 3964 373 4018 habitui
386 3967 576 4021 contradicere:
592 3968 680 4022 nereio
693 3967 817 4038 quomodo
838 3985 892 4021 reru
907 3973 987 4020 totetu
999 3983 1048 4018 nou
1065 3967 1161 4020 lurtum
1175 3917 1306 4038 eppeiiere
1317 3915 1364 4020 ‹ie-

273 4033 361 4101 beern,
380 4051 412 4088 ee
427 4053 477 4088 non
496 4037 574 4090 etiarn
587 4037 690 4101 dicere,
707 4037 775 4107 quod
788 4036 821 4089 ed
835 4035 964 4089 inienieru
977 4037 1085 4088 noniuie
1099 4037 1198 4089 Christi
1212 4036 1295 4108 peiem
1307 4043 1364 4090 ten·

273 4103 328 4156 det.
362 4103 561 4174 Quouieutergo
573 4107 666 4159 neceb
679 4105 833 4174 epootolice,
849 4121 898 4158 nec
912 4111 1010 4173 petrum
1024 4104 1110 4174 ulique
1124 4105 1183 4176 lege
1195 4105 1312 4174 proiecte
1325 4111 1365 4156 eet

272 4171 337 4224 hoec
355 4171 389 4224 ed
406 4173 486 4227 ruuito
505 4189 533 4227 ee
549 4175 640 4243 ingere
657 4173 841 4243 porrigentium
855 4189 974 4242 egrorurn
992 4189 1024 4225 ec
1046 4173 1207 4244 praediorum
1229 4191 1261 4227 ec
1278 4173 1366 4226 nieitio

273 4249 325 4294 tero
341 4241 547 4310 magnificorum,
570 4249 598 4296 et
615 4259 682 4313 quee
692 4243 827 4306 maiorem,
848 4259 924 4312 quem
936 4243 1035 4295 ῖιτεσισε
1048 4243 1114 4312 ipei,
1132 4241 1229 4311 copiuu
1241 4193 1368 4294 τδλλῖοίαι-

273 4308 358 4362 δίαυατ
376 4310 484 4380 gignere
497 4317 684 4366 coueueverunt
697 4313 740 4380 (et
757 4327 865 4382 quonern
879 4309 953 4364 ruodo
972 4328 1015 4364 ree
1033 4310 1073 4364 ite
1092 4327 1141 4364 non
1156 4313 1272 4364 hebent?
1289 4327 1367 4380 quum

273 4374 322 4431 hoc
336 4377 388 4432 iliis
401 4380 512 4436 etodium
524 4381 612 4450 tuerit,
630 4387 661 4435 ut
673 4389 841 4436 coutentenee
854 4379 954 4436 christi
967 4379 1092 4436 mune
1103 4381 1219 4436 λεοεττιιε
1229 4385 1308 4450 etque
1320 4378 1367 4434 do-

692 4535 703 4573 ί
