2994 4796
250 387 254 402 ·
377 368 422 436 IN
442 365 597 439 LEONIS
616 365 800 442 DIACONI·
817 365 896 436 LlB.
917 368 970 438 VI.
1143 359 1218 436 457

132 532 188 610 τῆς
202 525 318 592 heluco
333 525 431 610 ὅοιιῆς
446 524 607 610 bovata]
626 523 720 586 latit
734 523 882 588 Cedraum
896 524 935 586 11.
950 524 1021 594 668·
1039 525 1076 592 D.
1088 529 1219 594 voluina

131 612 347 694 Nicephorum
367 621 403 672 ut
415 613 494 672 hello
508 613 714 672 occumbentes
727 620 891 690 monyrurn
901 610 1066 672 honoribus
1083 615 1219 678 haaren.

131 709 198 776 tur,
220 706 324 758 contre
338 699 368 758 S.
379 697 481 758 Basilii
492 697 652 777 placitum,
676 695 731 776 qui
743 717 759 754 a
773 696 864 756 sacris
883 715 937 775 per
948 696 1109 758 triennium
1120 712 1220 762 arceat

132 775 205 856 sotio
216 783 376 861 πολεμίους
390 781 423 844 ἔν
437 805 497 846 τινι
507 779 625 866 πολέμῳ
639 773 836 880 ἀνῃρηκότος.
878 780 937 840 Ubi
952 801 990 840 ax
1004 779 1098 840 eota.
1116 783 1219 862 legan-

133 866 219 940 dum,
246 863 318 941 cotio
337 865 495 947 πολέμιον,
523 875 560 926 ut
577 875 658 928 recte
678 864 830 926 intellexit
851 864 892 925 Le
912 866 992 927 Bcau
1014 868 1153 928 Hiatoira
1172 867 1219 928 du

131 955 223 1013 Bae-
237 951 323 1030 Emp.
338 951 503 1018 XV1.121·
518 951 552 1014 C.

217 1035 294 1096 tttd.
315 1036 371 1098 lin.
392 1037 423 1102 6.
451 1032 526 1098 ιιοτά
544 1033 601 1116 saie
622 1038 717 1116 νῆσον
737 1031 795 1116 τήν
813 1031 975 1118 λεγομένην
999 1028 1147 1118 Uotieno]
1173 1039 1244 1100 1.οο

131 1121 212 1182 Besa
223 1120 303 1181 xvt.
321 1125 390 1188 162.
402 1121 434 1180 C.
448 1119 483 1180 in
496 1122 718 1182 Proconnesum
731 1121 788 1199 ait,
808 1130 984 1182 consecutus
1000 1121 1167 1186 &umam
1179 1123 1218 1186 Η.

131 1206 204 1274 664.
221 1207 255 1264 D.
271 1215 301 1264 et
312 1207 456 1288 Ζοιισσιριι
470 1206 507 1270 Π.
523 1211 593 1274 209.
610 1207 644 1267 Δ.
779 1233 783 1242 ·
1283 1265 1287 1271 .

215 1288 292 1350 lttd.
313 1291 368 1350 lin.
389 1295 419 1356 7.
441 1289 560 1354 Λέοντα
577 1287 628 1356 τάν
645 1284 802 1370 Balciam
817 1289 1084 1364 naucratiticum]
1107 1291 1219 1371 Glyoes

130 1377 202 1440 308.
218 1377 248 1438 C.
265 1372 371 1456 elysii
385 1370 426 1453 psi
440 1369 596 1458 νάιόχιιρο
605 1369 845 1458 γενέσθαιοάιάν
857 1378 913 1436 τοῦ
926 1377 1033 1438 thoni·
1053 1375 1107 1434 uhi
1120 1396 1220 1438 emen·

131 1457 262 1519 dandum
281 1479 319 1518 cx
339 1459 432 1520 eote.
450 1463 580 1532 nostris,
610 1455 674 1524 eina
688 1459 730 1524 σέ.
772 1459 809 1519 In
831 1459 978 1536 Scylitaae
1000 1457 1149 1520 Chronico
1162 1483 1217 1523 ms.

132 1543 280 1604 coniurati
295 1554 445 1606 vocentur
466 1542 661 1627 ἀΠνιρῙιιιος
683 1540 810 1624 Μιχιιήλ.
830 1539 1027 1623 ἀΒσάριζης,
1054 1544 1107 1608 noi
1127 1545 1219 1610 Λὲοον

130 1623 288 1732 ταξιάρχης
302 1626 322 1692 o‘
332 1623 496 1709 Βσλάντης,
509 1629 560 1692 nol
571 1634 630 1692 coia
641 1633 697 1692 toti
713 1632 854 1709 Τζιμισιιῆ
865 1624 1084 1692 astronomicae
1095 1628 1115 1692 o‘
1125 1624 1219 1704 Ἀσζν-

130 1715 336 1796 ποθεοόιιρος.
376 1714 488 1774 Eadem
509 1735 602 1794 paene
622 1713 744 1774 nomina
764 1722 835 1772 aunt
853 1712 934 1791 apucl
951 1712 1127 1776 (1οὼ-οσ.11.
1144 1721 1219 1784 662.

31 1803 36 1811 '
130 1796 164 1858 B.
178 1798 407 1860 cuiusnarratio
421 1799 455 1858 in
467 1800 568 1860 multis
583 1797 759 1860 adverbum
774 1817 844 1858 cum
856 1797 953 1856 Leone
967 1797 1119 1860 convenit.
1220 1851 1224 1861 .

104 1909 110 1924 ·
215 1881 294 1944 lud.
315 1885 370 1943 lin.
392 1889 442 1951 to-
466 1881 542 1967 πράς
563 1887 619 1948 τοῦ
643 1877 836 1947 Πολυεύκτου
859 1880 1016 1958 στιφθάς]
1044 1883 1219 1945 Tzimiscam

129 1978 309 2028 coronatum
325 1987 388 2030 esse
405 1967 486 2050 ipsis,
496 1968 640 2030 natalitiis
651 1967 763 2030 Christi
775 1989 802 2029 a.
825 1971 896 2036 969.
912 1967 1060 2028 Cedrcnm
1074 1969 1162 2030 docet
1179 1970 1219 2035 Π.

213 2135 291 2202 tutat.
313 2139 368 2200 lin.
389 2144 442 2206 20.
462 2134 519 2219 τήν
541 2135 574 2202 tt
594 2140 639 2222 epi
654 2132 867 2217 νοισνιιιιέριιο
879 2136 1054 2212 Βυζαντίον]
1076 2137 1219 2212 Qeaelo-

130 2242 238 2282 aunem
255 2223 439 2284 humanitate
453 2245 488 2284 ao
508 2223 710 2290 misericordia
724 2220 830 2284 lecim
848 2221 906 2280 Leo
922 2222 982 2298 ait,
1003 2231 1039 2282 ut
1054 2223 1130 2282 bona
1147 2245 1223 2304 pan.

128 2307 249 2388 peribus
271 2307 532 2386 distributiones
555 2328 593 2370 ex
609 2318 759 2368 concentu
781 2326 850 2366 cum
872 2307 1035 2387 Polyeucto
1051 2308 1221 2368 Patriarcha

130 2401 197 2452 acta
219 2413 295 2470 esse,
317 2395 460 2456 Ioannem
479 2393 539 2456 hac
562 2393 733 2456 conditione
752 2401 930 2472 coronante,
953 2393 1101 2454 Cedrenus
1115 2403 1221 2456 auctor

22 2559 28 2574 ⁸
129 2477 309 2546 catll.665.
326 2479 361 2540 Δ.
1220 2483 1247 2542 Ι)

214 2562 292 2626 lutat.
314 2565 370 2628 lin.
392 2569 445 2634 21.
464 2558 612 2646 ἤφάρισε]
635 2562 684 2624 Sic
695 2563 820 2624 fortasse
830 2565 890 2624 Leo
904 2563 968 2644 ipse
982 2561 1118 2643 scripsit,
1137 2583 1222 2622 man-

131 2646 218 2708 ticae:
239 2669 309 2708 nam
329 2649 442 2729 duplex
460 2660 650 2728 augmentum
668 2667 707 2708 ne
718 2649 799 2728 apud
811 2649 1004 2728 posteriorem
1018 2648 1137 2727 quidem
1148 2649 1223 2708 scri-

132 2739 250 2810 ptorem
270 2734 368 2792 ullum
386 2735 420 2794 in
439 2734 499 2794 hoc
517 2735 609 2794 verbo
631 2754 662 2794 se
681 2734 769 2793 nobis
782 2735 900 2794 obtulit.
944 2735 1053 2793 Contra
1069 2727 1223 2814 ἀφάριζον

132 2813 222 2876 habet
240 2819 269 2876 S.
287 2818 449 2878 Germanus
470 2819 818 2898 constantinopolitanus
835 2821 878 2879 De
891 2838 991 2880 rerum
1012 2818 1224 2878 ecclesiastica-

132 2919 202 2961 rum
219 2902 408 2980 contemplat.
428 2907 477 2968 13.
492 2903 526 2967 B.
541 2897 694 2986 ἀφάρισεν
711 2903 859 2964 Palladius
871 2903 1002 2964 Lauaiac.
1017 2903 1066 2968 94.
1084 2903 1121 2964 Δ.
1135 2897 1223 2980 aipei-

133 3004 220 3068 ρισσν
233 2989 262 3048 S.
276 2987 409 3046 Clemens
424 2988 644 3050 Alexandrinae
656 2990 796 3048 stromat.
810 2989 883 3056 659.
896 2989 930 3049 D.
945 2981 1113 3067 ἀφώρισται
1125 2985 1224 3047 Theo·
1239 3046 1243 3052 ,

131 3070 273 3153 phraates
287 3068 354 3152 (qui
370 3071 500 3132 multum
517 3073 683 3134 delectatur
695 3073 787 3132 verbo
802 3067 951 3152 ἀφορίζω,
974 3069 1149 3150 adhibetque
1161 3093 1222 3132 no·
1333 3081 1337 3090 “

133 3153 210 3236 vies)
230 3157 346 3220 Hister.
365 3157 461 3238 plant.
476 3177 498 3216 1.
518 3158 553 3218 A.
574 3160 618 3218 De
639 3157 734 3217 causis
755 3158 937 3238 plant-352.
958 3156 994 3216 l.
1014 3159 1043 3214 S.
1061 3155 1221 3237 Gregorius

132 3241 283 3320 nyssenus
308 3243 351 3301 Da
374 3241 509 3304 oratione
527 3242 674 3304 Dominio.
692 3243 719 3305 Ι.
742 3245 814 3310 752.
832 3241 869 3304 Δ.
890 3236 1104 3322 ἀφωρισμένην
1126 3239 1221 3300 Theo-

133 3325 275 3407 plrraatus
292 3325 369 3388 Hiat.
389 3327 486 3407 plant.
510 3332 561 3396 23.
583 3328 620 3386 D.
642 3325 697 3409 (ibi
718 3322 863 3408 ἀφορισμ.
886 3344 1043 3406 operarum
1059 3321 1171 3403 errore)
1191 3335 1222 3385 et

133 3411 205 3476 843.
229 3412 263 3470 D.
283 3411 397 3471 Omitto
414 3412 543 3474 aliorum
560 3412 645 3489 loca,
667 3431 743 3492 quaa
761 3412 855 3474 multa
869 3419 948 3474 sunt.
991 3407 1093 3484 Adde,
1114 3408 1147 3467 in
1170 3429 1222 3468 eo-

134 3495 223 3554 cleaia
236 3497 348 3556 Graeca
362 3491 561 3579 ἀφορίζεσθαι
581 3517 659 3573 esse,
681 3498 835 3576 segregari
854 3517 875 3554 a
893 3514 1052 3552 sacrorum
1064 3497 1222 3572 mysterio-

133 3601 204 3639 rum
219 3584 439 3658 communione,
462 3583 544 3661 quod
557 3581 648 3642 hodia
659 3585 804 3640 minorem
818 3581 1152 3640 excommunicationem
1163 3601 1225 3640 vo·

134 3685 244 3726 camin.
287 3666 383 3727 Maior
396 3667 475 3728 enim
494 3667 699 3726 ormtlumatia
709 3665 855 3727 vocabulo
871 3665 947 3726 solet
959 3663 1116 3742 designari.
1148 3663 1224 3726 Acta

11 3795 15 3804 .
133 3751 249 3812 Coucil.
265 3749 496 3831 quinisaxailtt.
513 3751 604 3818 1695.
620 3752 654 3816 Ε.
683 3751 727 3814 Εἰ
742 3749 776 3814 tt
796 3775 841 3826 τις
855 3755 943 3814 τοῦτο
956 3743 1096 3832 πράιισιν
1116 3749 1226 3830 ἐπιχει-

133 3835 220 3916 ροίη,
242 3830 443 3918 ἀφοριζέσθοι.
465 3892 469 3906 ,
488 3835 653 3902 Gentianus
664 3835 826 3898 llervetusz
849 3839 884 3896 Si
898 3838 969 3916 quia
983 3845 1085 3894 autem
1097 3835 1226 3914 hecso-

133 3939 196 3977 cere
221 3939 386 4000 aggressae
400 3923 522 3998 fuerit,
550 3918 728 3999 deponatur.
770 3921 916 3999 Emoniia,
947 3923 1228 3994 excommunicetur,

133 4002 428 4084 siveperiphrastice,
442 4007 554 4064 minori
567 4007 872 4066 excommunicatione
883 4017 1055 4087 segregetur
1063 4005 1101 4065 oh
1114 4005 1229 4065 aucha*

135 4089 242 4146 rietiae
250 4093 502 4170 participatione.
524 4089 642 4152 Etenim
650 4089 836 4170 deponis'olis
846 4091 1125 4168 convenitcleaicia:
1148 4086 1227 4170 ἀφσ·
1245 4101 1277 4156 Ρ.
1294 4101 1346 4158 227

133 4168 238 4252 ρισμάς
249 4173 285 4250 is,
300 4173 338 4234 da
349 4193 410 4254 quo
422 4173 531 4253 agitur,
551 4175 636 4236 laicis
652 4197 771 4256 quoque
785 4185 886 4260 potest
900 4173 1079 4255 contingere.
1107 4175 1230 4238 Μυσοὶ

133 4257 266 4318 Malam
276 4257 408 4320 Hiatoria
418 4259 615 4324 Ecclesiaatic.
630 4267 702 4330 129·
714 4264 751 4324 Δ.
765 4255 917 4344 ἀφόριρσεν
930 4260 1001 4342 [sic]
1015 4255 1142 4336 αὐτούς·
1162 4281 1229 4322 ver·

131 4341 172 4404 tit
186 4343 329 4406 tunnas
343 4345 483 4426 Caunus,
502 4367 551 4406 eoa
565 4358 720 4410 extantus
739 4359 792 4410 eat.
832 4347 892 4412 Sed
908 4345 1011 4431 potius
1027 4346 1228 4426 scribendum,
