3064 4810
396 380 632 450 mcuuuouu
651 379 831 450 rnocuu
850 381 943 450 cnr.
964 381 1053 453 κεν.
1195 379 1271 454 νεα
1341 335 1352 344 ”

178 539 323 630 βούλεται
338 553 405 622 τοῖς
417 543 484 623 κατ’
500 543 603 613 adnuis
611 539 768 632 χρήσεται.
802 542 877 622 τούς
891 544 926 612 δέ
937 545 1088 634 γεωργούς
1102 544 1273 638 ἐλεύθεροί·

177 671 224 714 σει
239 655 295 733 τῆς
312 649 538 732 αἰχμαλωσίας,
566 651 618 714 καί
635 648 667 714 εἴ
672 673 700 714 τι
717 647 755 714 ἀν
769 646 877 734 ἐτυχον
894 655 957 716 τῶν
977 649 1080 717 αὐτῶν
1094 655 1209 733 λαβεῖν.
1246 653 1273 720 εί

178 752 217 816 δέ
228 775 261 836 γε
274 753 325 816 καί
335 748 461 840 φούλκῳ
477 749 650 839 σοναντήση
664 757 709 840 τῷ
723 754 765 828 είς
779 751 919 839 φυλακὴν
934 753 1195 820 ἐπακολουθοῦντα
1208 761 1272 822 τῶν

178 851 411 935 ἐξελαυνόντων,
434 853 725 941 παρασκευασθήτω
739 855 816 942 πρὸς
830 853 884 921 τάν
897 853 978 922 nard
991 862 1048 922 aori
1062 853 1198 945 φούλκον
1212 853 1272 925 ud-
1349 902 1358 942 A.

153 963 291 1040 ὄλεμον,
320 957 428 1034 καθὼς
451 955 626 1045 ἐμπροσθεν
650 959 840 1041 ἐξεθέμεθα,
868 961 919 1024 καὶ
945 961 1026 1026 Θεοῦ
1052 961 1193 1050 σννερνίρ
1216 966 1273 1046 τῆς

178 1059 252 1126 κατ’
274 1059 377 1126 odaria
397 1057 500 1147 μάχης
522 1059 675 1148 κρατήσει.
716 1063 743 1127 εί
756 1063 790 1127 δέ
802 1072 867 1136 τοῖς
883 1063 915 1126 ἐν
928 1069 966 1147 τῇ
980 1061 1059 1150 αὐτῇ
1072 1064 1156 1128 νυκτί
1169 1087 1271 1150 παρα-

177 1173 278 1246 μεῖναι
293 1169 428 1230 σταλεῖσι
443 1175 508 1240 τοῖς
520 1167 675 1246 πολεμίοις
696 1163 818 1231 ἐναντία
833 1163 1023 1250 ἀπηντήκασι
1039 1161 1270 1250 σοναντήματα,

178 1266 231 1332 ded
251 1263 397 1350 adurimur
417 1273 662 1355 προκαταλαβεῖν
682 1267 812 1350 αύτούς,
840 1271 891 1334 καὶ
909 1271 955 1346 εἷς
968 1267 1042 1345 τούς
1060 1265 1174 1345 τύπους
1189 1269 1271 1354 γενέ-

178 1376 274 1450 σθαι,
303 1371 335 1434 ἐν
358 1366 405 1446 οἷς
431 1370 467 1436 τὸ
491 1369 657 1458 φωσσάτον
676 1369 797 1454 βλέπειν
817 1368 987 1456 ἠδύναντο,
1016 1374 1066 1436 καί
1087 1371 1144 1448 τάς
1164 1372 1300 1459 ηωνάςΒ

136 1471 282 1538 londonia
300 1473 513 1552 ἐνωτίζεσθαι·
537 1476 588 1540 καὶ
602 1473 638 1539 τὸ
654 1481 785 1562 κοῦρσσν
801 1473 903 1539 αὐτῶν
917 1477 1116 1561 προεξῆλθεν,
1137 1471 1179 1550 ὥς
1194 1474 1272 1562 ἐφη-

176 1600 250 1658 μεν,
276 1577 349 1660 πρίν
364 1575 421 1660 τὴν
442 1578 509 1662 περὶ
530 1573 642 1642 τούτου
665 1577 776 1662 ἀκριβῆ
792 1583 898 1658 λαβεῖν
920 1577 1033 1652 αὐτούς
1049 1584 1105 1662 τῆς
1122 1577 1272 1661 ἀληθείας

177 1675 369 1760 κατάληψιν·
396 1681 446 1743 καί
471 1680 505 1743 ἐκ
533 1687 589 1745 τοῦ
613 1676 756 1744 τοιούτων
785 1676 1020 1763 συναντήματος
1041 1677 1194 1764 βραδύναι
1219 1683 1270 1745 καί
1334 1689 1337 1699 ’

172 1783 314 1866 χρονίσαι
327 1781 438 1866 συνέβη
453 1781 510 1867 τὴν
525 1782 603 1869 πρὸς
615 1782 669 1848 τὸν
686 1781 858 1868 στρατηγὸν
869 1782 1132 1865 ἀποστελλομένην
1140 1783 1271 1864 βεβαίαν

176 1883 360 1970 ἀπαγγελίαν
378 1889 435 1951 τοῦ
459 1881 655 1971 πράγματος,
684 1885 791 1950 καὶτὸ
815 1883 893 1970 πρὸς
916 1883 970 1950 τὸν
991 1884 1164 1970 στρατηγὸν
1191 1883 1270 1949 ἀπο-

135 2002 169 2057 15
177 1984 378 2068 στελλόμενον
401 1986 577 2074 μανάἀτον·
603 1991 630 2054 εἲ
650 1989 707 2070 μέν
730 1987 808 2075 πρὸς
827 1985 911 2074 ὥραν
934 1983 1062 2072 ἐννάτην
1084 1992 1140 2071 τῆς
1160 1986 1272 2063 νυκτὸς

175 2093 226 2155 καὶ
242 2091 375 2157 ἐπέκεινα
397 2097 604 2178 καταμηννθῇ
629 2088 645 2156 ὃ
661 2089 833 2178 στρατηγὸς
848 2093 916 2178 περὶ
928 2087 1062 2170 τούτου,
1090 2092 1141 2155 καὶ
1159 2085 1218 2181 δρᾷ
1232 2088 1269 2156 nd
1311 2099 1317 2118 ⁸

175 2193 281 2260 στενάν
300 2201 356 2261 τοῦ
376 2201 501 2281 καιροῦ,
531 2195 592 2260 ἐπε1
613 2196 663 2258 καὶ
684 2194 720 2259 τὸ
744 2201 877 2280 κοῦρσαν
896 2199 958 2260 τῶν
975 2193 1127 2275 πολεμίων
1151 2191 1195 2258 ἐτι
1214 2199 1271 2277 τῆς

171 2292 290 2384 ἡμέρας
310 2295 531 2385 ἐπικρατούσης
551 2295 609 2382 τὴν
628 2299 745 2382 κίνησιν
766 2293 951 2381 ἐποιήσατο,
979 2297 1030 2360 καί
1055 2295 1092 2361 δι’
1117 2295 1191 2380 ὅλης
1213 2301 1271 2381 τῆς
1345 2375 1348 2390 ¹

174 2401 284 2476 νυκτὸς
306 2399 413 2488 πύβρω
430 2427 490 2466 πον
508 2399 652 2486 γενέσθαι
676 2400 798 2484 ἐμελλε,
825 2403 876 2466 καί
901 2399 938 2466 οὗ
960 2398 1110 2480 δυνατὸν,
1138 2395 1300 2476 τούτονςθ

132 2505 442 2588 ἳθδιεσκεδασμένονς
462 2509 665 2587 καταλαβεῖν·
688 2503 750 2590 χρὴ
769 2502 864 2569 αὐτὸν
888 2506 929 2580 είς
945 2502 999 2569 τὸν
1015 2501 1095 2568 κατά
1110 2507 1168 2570 τοῦ
1182 2527 1272 2592 φωσ-

175 2605 272 2673 σάτον
286 2607 521 2695 εὖτρεπισθῆναι
536 2605 678 2692 πόλεμον.
712 2609 762 2672 καί
780 2609 806 2671 εί
822 2607 880 2690 μέν
892 2595 1087 2693 ’ἀιημερεῦσαι
1099 2608 1328 2691 deniquo-Fol-
1344 2609 1397 2692 892
1414 2627 1435 2664 r·

175 2735 225 2775 σιν
241 2712 273 2775 ἐν
287 2701 312 2798 ᾧ
330 2709 502 2790 αὐλίζονται
518 2707 603 2800 τύπῳ
611 2759 622 2792 ,
650 2708 946 2797 παρασκευασθῆναι
962 2709 1056 2774 αὐτὸν
1071 2713 1113 2786 είς
1127 2709 1184 2796 τὴν
1200 2707 1266 2776 κατ’

175 2812 278 2879 αὖτῶν
291 2811 410 2898 μάχην,
438 2812 546 2890 καθὼς
562 2812 705 2898 ἀνωτέρω
719 2813 774 2879 τὸν
790 2812 869 2878 κατά
883 2818 939 2878 τοῦ
955 2809 1122 2898 φωσσάτοα
1134 2810 1268 2897 πόλεμον

174 2915 318 3002 γενέσθαι
338 2916 518 3000 ἐξεθίμεθα.
558 2913 632 2983 ἀλλ’
656 2914 713 2981 oda
734 2913 773 2982 ἀν
796 2911 1045 3004 ἀιημερεύσονσιν
1068 2915 1204 3008 ἐνάῧτῷ
1222 2922 1269 3010 τῷ

191 3187 195 3196 Ι
242 3111 270 3168 6.
290 3107 453 3183 ίξεθέμεθα.
475 3109 536 3167 vid
547 3127 627 3183 supra
640 3113 698 3170 131.
710 3111 746 3168 I).

176 3281 312 3347 Rusticus,
329 3287 356 3337 et
371 3281 492 3366 quioquid
512 3299 544 3335 ex
561 3299 646 3336 eornm
663 3281 738 3336 bonis
758 3299 851 3353 rapere
865 3281 916 3336 iam
933 3285 1089 3354 potuerunt,
1109 3279 1269 3335 enervitate

176 3350 324 3404 vindicabit.
358 3352 387 3404 Su
404 3362 489 3405 autem
500 3351 527 3404 in
540 3353 634 3406 sulcum
648 3352 753 3417 incidit,
771 3353 838 3422 quod
852 3369 1014 3406 excursorum
1026 3350 1177 3406 tuendorum
1189 3365 1268 3404 canu
1349 3401 1360 3424 ρ

175 3421 358 3490 subsequitur,
376 3421 409 3473 nd
430 3421 493 3473 iilud
513 3422 677 3475 adoriendnun
695 3441 723 3475 sc
736 3429 825 3491 paret,
842 3421 1049 3491 quemadmodum
1060 3419 1175 3492 superius
1187 3436 1268 3490 expo-
1385 3443 1406 3460 ··

174 3489 283 3553 suimus,
298 3496 342 3554 et,
364 3490 420 3543 Deo
438 3491 641 3552 obsecundante,
657 3492 754 3560 praelio
774 3492 844 3543 iacto
861 3491 1002 3560 superabit.
1036 3494 1072 3545 At
1092 3489 1116 3541 si
1136 3488 1204 3554 iilis,
1223 3486 1268 3559 qui

175 3575 207 3610 ea
224 3569 300 3612 nocte
319 3559 475 3628 speculatum
495 3561 582 3612 hostes
598 3560 759 3628 missisunt,
784 3559 894 3612 adversa
912 3559 1037 3630 quaedam
1055 3559 1219 3623 acciderunt,
1236 3563 1269 3610 ut

174 3643 225 3679 non
242 3629 372 3696 potuerint
390 3630 437 3681 bos
456 3635 636 3698 praevertere,
653 3629 783 3699 locumque
796 3646 936 3698 occupare,
954 3630 1023 3683 unde
1040 3639 1067 3684 et
1078 3628 1166 3683 videre
1180 3635 1268 3681 castro

173 3702 202 3748 et
214 3697 304 3748 audire
315 3715 393 3750 vocas
406 3697 607 3752 adversariorum
625 3698 757 3751 licuisset:
772 3699 881 3768 ideoque
896 3699 1062 3768 praedatores
1076 3697 1186 3769 proiecti
1199 3704 1269 3762 sunt,

174 3765 244 3818 sicut
264 3765 387 3831 diximus,
404 3767 550 3836 priusquam
569 3767 602 3820 de
619 3767 670 3820 iliis
688 3775 783 3822 cartam
802 3785 941 3839 veramque
958 3768 1088 3822 notionem
1105 3785 1199 3836 aspera
1218 3783 1268 3888 po-

173 3839 292 3886 tuernnt=
310 3837 377 3888 unde
396 3835 507 3900 accidit,
524 3843 553 3890 ut
572 3837 698 3906 explorati
716 3855 793 3907 super
813 3838 862 3890 buc
880 3855 910 3891 rs
930 3837 1032 3902 nuncii,
1049 3837 1083 3892 ad
1095 3837 1185 3890 duosm
1202 3853 1217 3888 a
1240 3853 1270 3888 s-
1367 3844 1377 3856 ¹

172 3903 261 3967 rendi,
285 3904 497 3973 mandatumque,
517 3905 586 3976 quod
606 3907 745 3959 transmitti
766 3907 800 3960 ad
820 3924 875 3960 cum
893 3906 985 3972 dabat,
1009 3907 1105 3960 diodus
1122 3911 1272 3960 morenture

173 3971 198 4023 si
216 3972 292 4025 modo
309 3975 379 4028 circs
400 3976 488 4027 boram
505 3991 596 4027 nonam
608 3976 691 4028 noctis
705 3976 837 4029 ueletiam
847 3978 932 4030 serius
945 3978 998 4030 dux
1011 3979 1045 4030 ds
1058 3993 1104 4030 sm
1122 3976 1193 4028 tions
1211 3991 1270 4026 cer·

171 4039 226 4094 tior
243 4041 295 4124 fia,
305 4042 429 4112 videtque
447 4043 578 4112 anguutias
588 4046 725 4114 temporis,
743 4047 946 4115 stprssdsturss
963 4047 1088 4110 bostium,
1101 3993 1135 4099 ds
1147 4043 1192 4096 dia
1206 4059 1270 4114 pro-

172 4108 271 4174 iectos,
288 4111 380 4165 itinere
394 4121 472 4166 noctu
494 4130 543 4165 non
558 4113 702 4168 intermisso
719 4115 1001 4184 proculeianum,
1017 4115 1126 4185 fierique
1142 4130 1193 4166 non
1207 4129 1271 4182 pos-

172 4195 216 4243 sa,
233 4187 263 4232 ut
278 4179 409 4250 dispersos
424 4181 481 4234 ilios
502 4182 693 4252 deprehendat:
708 4185 814 4254 expedit
831 4185 1045 4255 oppugnationem
1068 4191 1209 4237 castrorum
1226 4181 1271 4234 in-

171 4255 280 4301 struere.
316 4254 354 4303 Aa
373 4250 396 4302 si
417 4251 443 4303 in
461 4251 534 4316 ioco,
553 4251 597 4304 ubi
618 4253 800 4318 considerunt,
818 4271 967 4324 permonere
985 4260 1066 4306 totum
1088 4253 1155 4306 diem
1169 4250 1270 4314 volunt,

172 4323 351 4387 comparetse
364 4318 396 4371 sd
409 4319 607 4389 confligendum,
625 4322 831 4393 quemadmodum
844 4325 961 4392 superins
973 4322 1006 4374 da
1019 4321 1211 4392 oppugnatione
1224 4335 1271 4371 ea-

171 4393 282 4442 strornm
298 4387 456 4444 uiuamus
473 4389 644 4462 exposuimus.
679 4392 797 4448 Tametsi
817 4409 870 4447 non
880 4392 1055 4464 psrssdsbust
1066 4409 1098 4448 so
1108 4391 1185 4456 ioco,
1200 4383 1271 4459 quod
