2984 4798
417 353 463 424 IN
481 350 724 422 THEODOSH
741 347 973 420 ACROASES.
990 369 994 428 ζ
1166 335 1243 420 555

150 521 193 605 τῇ
213 518 311 602 πλοκῇ
323 517 386 580 eoin
406 507 591 595 optandaue.
613 508 755 572 orationis
780 507 945 568 subiectum
967 505 1060 570 estol
1075 510 1243 587 naudosio-

150 597 293 684 στρόφοι,
315 601 366 680 qui
391 597 559 659 machinam
576 595 715 656 bellicam
733 603 890 672 torquent,
912 593 1063 672 molesque
1076 595 1103 652 ei
1115 595 1244 676 imposi-

149 697 195 748 tas
213 707 269 767 ope
284 686 401 746 lunium
416 684 596 742 iaculantur.
637 681 714 740 Male
727 680 827 758 itaque
848 679 988 738 vertitur:
1012 699 1107 758 quare
1123 679 1158 736 1ιί
1171 701 1243 740 con-

149 775 229 832 uersi
250 770 296 830 ad
314 791 383 830 enm
405 766 589 826 arctandum
608 765 762 840 vinculis,
784 764 867 842 qnasi
885 763 923 824 de
937 763 1018 822 asino
1031 764 1151 822 funibus
1168 785 1243 829 conv

147 857 255 918 stricto
276 865 393 934 ngatnr3
415 873 507 932 quum
520 852 576 914 site
595 851 643 911 illi
657 859 754 912 autem
769 847 905 910 conversi
919 848 959 910 ad
973 857 1069 908 tortos
1083 847 1244 910 machina-

147 962 217 1004 rum
235 943 331 1006 fuum.
346 941 379 1004 F.
390 937 427 1019 1.]

167 1063 173 1076 ·
235 1052 307 1114 182.
330 1037 539 1122 Xeluudnouc]
558 1041 682 1102 Asinum
695 1038 877 1102 testudineae
884 1038 977 1120 pedes
988 1040 1145 1100 habentem
1160 1039 1244 1119 dicit,

48 1155 52 1163 ·
149 1132 188 1194 ob
201 1133 263 1192 eius
279 1132 431 1210 segnitiem
451 1139 481 1189 et
496 1128 675 1188 tarditatem.

235 1235 305 1302 tet·
327 1233 449 1318 Ξέρξης]
473 1233 564 1310 Vide,
585 1253 659 1312 quae
680 1233 719 1295 de
741 1232 801 1294 hoe
814 1233 926 1296 Xerxis
947 1234 1025 1294 facto
1039 1231 1176 1314 superius
1190 1199 1246 1292 aa!

149 1320 320 1380 notavimus
336 1325 457 1382 heroas.
478 1319 516 1382 ll.
539 1339 571 1381 v.
590 1325 662 1386 266.
724 1371 727 1376 .

236 1425 315 1489 lbid.
337 1427 412 1507 Nlu]
435 1424 647 1505 Corrigendus.

235 1537 305 1600 193.
326 1525 496 1608 Ἀφᾶντων]
519 1533 681 1592 Saracenos
704 1531 781 1591 lame
802 1531 969 1592 laborantes
990 1530 1106 1590 asinum
1125 1549 1164 1590 ex
1185 1528 1247 1589 ims-

149 1619 262 1700 perviis
284 1618 468 1697 occultisque
492 1617 568 1677 locis
588 1618 622 1676 in
635 1617 733 1676 cibum
749 1618 896 1697 accepisse
907 1615 1016 1694 inquit,
1038 1615 1178 1694 qnoniam
1193 1635 1249 1695 per

140 1710 265 1781 ‘airem,
290 1703 416 1783 ideoque
432 1721 490 1783 per
501 1701 565 1763 vias
581 1702 711 1762 sibinen
727 1703 864 1784 proprias
882 1702 924 1761 eis
936 1700 1086 1760 immissus
1101 1701 1205 1760 suerat.

236 1813 309 1879 195.
330 1801 462 1889 Asinaria]
484 1808 534 1868 Sic
557 1809 633 1869 bene
649 1809 857 1888 corrigendum
872 1807 1051 1868 coniectavit
1063 1807 1227 1869 Cornelius.

235 1922 309 1984 207.
336 1916 487 1990 Φίλιππος
514 1914 645 1999 dupla]
678 1912 833 1996 Philippus
853 1914 987 1996 primus,
1016 1911 1086 1994 quia
1111 1911 1162 1973 alii
1179 1921 1249 1994 post

150 2021 220 2062 eum
241 2001 375 2062 eiusdem
395 2001 527 2062 nominis
545 2021 628 2081 reges
654 2001 878 2060 Macedonicum
899 1999 1059 2080 imperium
1082 1999 1248 2060 obtinuere.

149 2087 227 2148 Eum
238 2087 330 2148 totius
346 2087 487 2147 Graeciae
503 2085 670 2146 dominatui
684 2086 835 2146 ambitiose
847 2084 1022 2162 inhiantem,
1044 2093 1074 2142 et
1087 2082 1248 2144 Athenien-
1325 2125 1328 2130 -

150 2192 199 2232 ses
220 2173 396 2252 praecipue,
417 2191 545 2250 quorum
566 2172 644 2234 vires
661 2171 754 2250 magis
776 2170 1002 2247 extimescebat,
1023 2169 1078 2230 sibi
1101 2168 1248 2228 subiicere

151 2257 351 2333 adnitentem,
372 2255 584 2316 Demosthenes
602 2254 858 2316 vehementissime
874 2255 1036 2314 insectatus
1050 2263 1111 2330 est,
1135 2262 1249 2334 septem

149 2341 218 2401 illas
241 2341 446 2402 celeberrimas
467 2341 615 2401 orationes
639 2349 743 2402 contre
772 2361 841 2400 eum
860 2341 1010 2419 recitans,
1040 2358 1166 2420 quarum
1184 2347 1247 2398 tres

150 2425 358 2508 Olynthiacae,
378 2435 509 2506 quatuor
520 2425 706 2508 Philippicae
716 2433 941 2507 nuncupantur.

234 2537 305 2600 208.
329 2531 442 2608 Φανεὶς
457 2526 642 2614 ἅριστᾶπαις]
664 2530 761 2592 acute
773 2529 957 2592 Theodosius
969 2529 1067 2590 utitur
1079 2528 1172 2590 verbo
1190 2551 1249 2608 φα-

149 2615 229 2694 νεὶς,
251 2619 320 2700 quia
343 2619 421 2678 fama
438 2619 498 2678 fuit
515 2617 721 2700 Olympiadem
738 2637 801 2678 non
815 2637 854 2677 ex
866 2615 993 2692 merito,
1015 2615 1067 2674 sed
1084 2635 1122 2674 ex
1138 2614 1251 2678 Necta-
1268 2663 1272 2670 .

150 2703 238 2780 nebo,
258 2712 349 2783 atque
361 2703 435 2762 adeo
451 2723 490 2763 ex
507 2703 579 2766 Jove
594 2703 650 2763 sub
665 2703 802 2762 draconis
815 2703 911 2782 ligura
925 2699 1127 2762 Alexandrum
1143 2700 1182 2762 hl.
1196 2697 1267 2777 ge-'

18 2835 20 2839 .
151 2787 261 2849 nuisse.
304 2788 446 2866 Namque
463 2799 561 2846 mater
582 2791 650 2848 eius
669 2789 842 2867 Olympias,
861 2786 960 2866 inquit
978 2785 1109 2846 Iustinus
1121 2785 1172 2848 lib.
1191 2785 1243 2852 Xl.
1260 2779 1292 2834 P·
1310 2778 1363 2835 388

153 2891 219 2950 cap.
238 2876 295 2948 11,
316 2874 453 2948 consessa
476 2875 542 2932 uiro
564 2894 619 2931 auo
635 2871 780 2953 Philippo
796 2875 924 2949 fuerat,
954 2869 1170 2930 Alexandrum
1187 2891 1247 2929 non
1262 2849 1350 2905 ⁰⁰¹4

1 3023 2 3030 p
48 2959 55 2980 “
152 2977 188 3014 ex
210 2977 242 3014 eo
264 2977 295 3014 se
316 2953 412 3013 aeden
428 2967 558 3036 serpente
578 2960 709 3038 ingentis
726 2953 950 3036 magnitudinis
964 2957 1138 3034 concepisse.
1181 2957 1250 3024 De,-

152 3044 246 3122 ru'que
264 3040 444 3120 Philippum
465 3042 573 3099 ultimo
581 3062 678 3121 prope
693 3045 775 3104 vitae
796 3061 872 3098 eune
894 3053 1022 3120 tempore
1034 3041 1144 3118 filium
1161 3059 1254 3114 suum

153 3149 214 3187 non
233 3149 294 3186 esse
308 3126 420 3206 palam
429 3123 672 3206 praedicaverat.
717 3128 786 3204 Qua
799 3147 834 3184 ex
847 3147 941 3184 causa
958 3123 1177 3204 Olympiadem,
1199 3146 1252 3185 ve-
1312 3155 1316 3170 .

154 3213 203 3270 lut
227 3215 327 3294 stupri
351 3211 547 3291 compertam,
569 3209 695 3292 repudio
712 3211 880 3271 dimiserat.
924 3209 990 3284 Qua
1003 3209 1039 3268 de
1051 3229 1084 3268 re
1102 3205 1177 3268 beiae
1196 3209 1253 3268 ad·

153 3305 240 3356 notat
260 3295 479 3358 Freinshemius
492 3295 526 3356 in
540 3297 759 3378 Supplementis
772 3297 810 3356 ad
826 3296 862 3370 Q.
878 3294 1015 3355 Curtium
1035 3293 1086 3354 lib.
1100 3293 1123 3353 Ι.
1140 3314 1204 3373 cap.
1221 3298 1253 3360 1.

154 3401 238 3440 num.
262 3383 318 3448 16:
343 3385 405 3444 Nec
430 3381 554 3460 desunt,
583 3383 638 3463 qui
650 3383 837 3460 fabulosum
856 3379 893 3439 id
913 3378 1052 3461 quidem,
1072 3389 1253 3439 nontamen

154 3463 343 3526 adulterium
370 3470 481 3528 matris
496 3469 584 3552 falso
600 3471 752 3526 iactatum
766 3465 920 3528 adserunt.
1068 3461 1070 3466 ’

239 3577 311 3638 200.
335 3566 481 3656 Κάρβων]
504 3575 556 3634 Cn.
579 3575 690 3652 Carbo,
715 3575 800 3636 cuius
816 3573 945 3656 plurima
965 3571 1024 3634 fuit
1035 3571 1069 3632 in
1087 3569 1254 3652 Republica

156 3657 339 3736 auctoritas,
360 3668 460 3738 partes
473 3660 620 3721 Marianas
640 3670 791 3740 sequutus.
833 3661 861 3720 ls
873 3659 906 3718 in
916 3659 1006 3718 tertio
1018 3677 1074 3717 suo
1090 3656 1254 3716 Consulatu

153 3742 238 3808 iussu
253 3743 385 3822 Pompeii
405 3743 439 3802 in
461 3745 564 3805 Sicilia
578 3746 617 3806 ad
636 3746 817 3828 supplicium
837 3745 947 3806 ductus
959 3752 1020 3820 est,
1041 3741 1159 3821 ibique,
1182 3741 1253 3800 dum

156 3827 258 3886 alvum
278 3827 334 3888 sibi
354 3829 485 3906 levaret,
507 3841 599 3910 eaput
619 3832 647 3891 ei
667 3832 836 3892 abscissum.
879 3829 1009 3890 &mule
1022 3827 1172 3892 Valerium
1186 3825 1253 3887 nta-

154 3911 273 3974 ximum
290 3913 344 3974 lib.
365 3914 417 3974 IX.
431 3934 495 3995 cap.
512 3913 597 3997 13.§
612 3923 644 3985 2·
1239 3929 1240 3932 ’

240 4036 319 4102 Iln'd.
339 4035 373 4104 ‘0
386 4045 441 4103 τοῦ
453 4041 608 4124 Πομπίου]
631 4043 681 4104 Sic
697 4043 814 4120 Codex,
836 4061 924 4124 quem
940 4039 1049 4104 εποιίε
1064 4039 1162 4120 arguit
1176 4039 1253 4099 Cor·

155 4122 271 4201 nelius,
293 4133 324 4183 et
343 4125 458 4186 suffieit
475 4148 583 4188 nomeu
604 4132 772 4210 Καίσαρος,
794 4128 865 4210 quia
876 4129 986 4188 Brutus
1000 4127 1170 4201 Caesarem,
1190 4144 1256 4184 non

156 4208 333 4291 Pompeium
345 4211 505 4291 percussit.
548 4213 621 4273 Mihi
635 4225 735 4275 tamen
746 4213 991 4295 vixpersuadee,
1009 4211 1187 4292 scriptorem
1201 4209 1257 4268 Co·

156 4293 233 4356 dicis
253 4293 328 4356 adeo
351 4297 482 4378 turpiter
503 4317 633 4378 muse,
653 4310 691 4362 ut
703 4301 765 4363 duo
777 4300 899 4362 nomina
912 4299 986 4362 adeo
1001 4297 1082 4359 inter
1093 4317 1126 4366 ae
1140 4295 1258 4358 diversa
