3038 4796
253 317 329 395 898
389 395 391 400 ,
592 326 630 396 C.
649 327 687 398 B.
710 327 827 399 HASII
846 329 998 399 NOTAE

250 479 332 551 Ἀλλ’
347 482 478 571 ἔνθαπερ
494 479 533 551 lo
547 483 634 552 ύιού
644 487 710 563 κοῖς
726 481 878 551 alonium
892 483 1050 570 &apsente
1065 487 1134 571 (ric)
1152 483 1343 576 εἷναιλύχος.

252 571 466 647 scribendum,
487 570 670 655 ἕτεροφανής
687 573 734 654 κάρ
755 569 860 660 λύγος,
882 593 920 634 ex
941 577 970 634 S.
991 574 1104 656 cyrillo
1123 577 1233 656 Dialog.
1253 578 1291 638 de
1310 582 1342 641 S.

250 658 386 720 Trinitat.
408 656 444 718 V.
469 663 496 724 1.
518 663 592 724 468.
617 659 648 719 G.
670 661 750 718 unde
774 659 848 720 haec
870 659 963 739 petita
982 669 1061 722 sunt.
1109 661 1205 722 Simul
1225 665 1343 742 corrige

131 751 163 807 P.
182 751 233 810 186
249 743 387 824 proxima
400 743 607 823 praecedentia
629 741 715 805 Actis
732 744 827 808 eiusd.
845 743 989 821 Coucilii,
1010 749 1084 812 863.
1097 745 1132 806 A.
1148 747 1223 806 mire
1237 747 1274 806 ab
1293 748 1342 806 in-

246 837 378 909 terprete
390 830 550 890 translata:
574 827 668 908 Quod
680 827 805 888 eandem
818 840 965 888 naturam
983 828 1075 887 habet
1089 830 1256 890 seeundum
1270 853 1342 912 ope-

247 918 396 973 rationem
407 925 435 970 et
449 913 673 974 indisrimilinr
684 916 813 995 aequale
826 925 878 991 est,
900 937 962 973 non
973 914 1096 976 habebit
1107 937 1141 974 ex
1148 929 1241 996 parte
1256 920 1342 997 quio-

247 1021 356 1080 quam,
388 997 425 1058 de
447 1021 511 1080 qna
532 1013 635 1060 creata
653 1011 735 1059 aunt.
785 999 933 1060 Emenda:
965 999 1059 1080 Quod
1082 999 1215 1060 eiusdem
1234 1005 1342 1081 speciei

246 1083 1191 1252 {Slllllltl‘ini‘ttltltill..ll‘;lll‘'²l.“.;
1206 1085 1249 1232 ii
1262 1091 1342 1232 iii}

247 1256 358 1316 debent
376 1255 488 1316 Graeca
505 1257 577 1316 illa:
605 1253 645 1320 Τά
664 1255 832 1331 :masnata
847 1251 914 1318 κατ’
926 1255 1078 1338 ἐνέργειαν
1098 1257 1150 1322 καλ
1170 1251 1342 1340 άααραλλά-

246 1364 323 1414 κιως
346 1335 427 1418 ἴσον,
450 1335 505 1404 ούκ
527 1335 566 1403 dv
589 1339 649 1421 ἔχοι
670 1337 823 1425 διαφοράν
841 1340 891 1404 lnl
910 1359 969 1404 τισι
984 1345 1044 1404 ταῖν
1065 1338 1169 1405 ὄντων.
1211 1341 1342 1402 Tametai

247 1427 330 1506 apud
352 1427 380 1487 S.
404 1427 569 1506 cyrillum,
591 1425 672 1486 unda
687 1425 761 1486 haee
784 1427 857 1488 item
870 1425 1014 1486 translata
1036 1435 1124 1504 sunt,
1145 1427 1236 1508 paulo
1253 1427 1342 1488 aliter

245 1509 427 1571 rehabeant.
469 1512 569 1587 Adde,
591 1511 723 1571 eiusdem
738 1511 838 1588 vocis,
862 1511 924 1592 εἴη,
946 1511 1073 1571 sormam
1083 1511 1247 1591 pluralem,
1268 1507 1341 1588 εἷεν,

244 1597 294 1656 vel
310 1591 370 1660 else
386 1593 440 1673 άν,
462 1597 615 1657 interdum
635 1598 681 1656 aie
693 1595 843 1674 adhiberi,
865 1607 900 1656 ut
916 1596 1058 1656 vertenda
1072 1598 1128 1672 sit,
1150 1598 1338 1680 significant,

245 1682 380 1762 intelligi
388 1693 528 1762 possunt.
571 1683 661 1757 Quod
675 1703 798 1758 moneo,
821 1682 891 1760 quia
904 1680 935 1740 in
950 1701 984 1742 eo
996 1679 1137 1741 nonnulli
1152 1682 1339 1742 suboffenda-

243 1775 326 1828 runt.
351 1768 440 1828 Velut
455 1769 486 1828 in
502 1769 570 1828 loco
583 1777 726 1848 corrupto
743 1767 862 1828 Eusebii
875 1767 911 1826 ln
926 1767 1032 1830 Psalm.
1048 1768 1071 1826 Ι.
1084 1773 1159 1835 888.
1173 1769 1206 1826 Ε.
1223 1764 1283 1830 eleo
1298 1761 1340 1830 άν

244 1849 332 1926 πόλις
343 1857 397 1932 τῆς
408 1847 568 1931 lovinion,
591 1847 632 1916 δι’
647 1850 684 1927 ἃς
696 1847 877 1927 άκολούθως
890 1856 929 1938 τῇ
941 1851 1110 1937 ἐπουρανίῳ
1125 1848 1209 1916 Σιάν
1221 1854 1256 1914 αλ
1267 1856 1341 1915 πολ·

245 1937 295 2001 λαὶ
311 1935 392 2018 παρά
411 1943 455 2022 τῷ
472 1939 562 2022 πατρὶ
578 1941 677 2019 μοναί.
720 1937 818 1998 Vertit
840 1937 1101 1997 Montesalconius:
1122 1935 1263 1996 Fueritne
1281 1937 1339 1998 [ιι-

244 2021 338 2082 daeae
351 2025 483 2082 civitas?
504 2022 565 2084 Seol
570 2035 780 2104 consequenter
791 2023 941 2099 dicamne,
953 2044 1013 2082 ease
1021 2023 1174 2082 caelestem
1182 2025 1265 2099 Sion,
1284 2023 1341 2082 ubi

216 2106 416 2168 Bmaneionee
435 2109 524 2189 apud
530 2109 659 2170 'Patrem
677 2111 800 2168 multae.
828 2109 1015 2188 Legendunr,
1037 2103 1097 2172 also
1110 2102 1149 2170 άν
1166 2103 1268 2182 πόλεις
1282 2112 1340 2188 τῆς

137 2249 140 2259 ,
226 2189 385 2270 -Ἱουλαλας
399 2189 578 2270 ἀκολούθως
587 2202 625 2284 τῇ
639 2197 685 2260 ln.
698 2195 787 2255 nteit
802 2215 921 2256 sensus:
943 2197 1006 2254 Ηίο
1018 2193 1186 2269 vocabulis,
1201 2193 1339 2253 civitates

241 2281 382 2358 Iudaeae,
402 2293 613 2361 consequenter
627 2281 671 2341 ad
686 2285 840 2342 caelestem
854 2281 929 2357 Sion
943 2275 993 2360 (de
1007 2300 1064 2359 qua
1076 2277 1213 2360 proxime
1223 2271 1338 2362 supra),

242 2367 375 2446 intelligi
384 2379 512 2446 possunt
526 2370 641 2426 multoe
654 2369 741 2441 illue,
764 2387 842 2446 qnae
854 2363 942 2444 apud
953 2369 1078 2424 Patrem
1090 2375 1207 2424 exstant
1214 2393 1225 2442 ς
1246 2385 1339 2422 man-

240 2453 348 2512 siones.
392 2447 498 2530 ltaque
516 2473 579 2512 non
595 2453 672 2514 male
689 2453 851 2512 Gentianus
867 2451 1015 2510 Harvetus
1033 2451 1165 2512 reddidit
1184 2450 1285 2510 locum
1303 2451 1337 2512 S.

242 2536 379 2612 Gregorii
394 2539 521 2616 Nysseni
536 2537 573 2598 ln
589 2538 699 2602 Cantie.
717 2537 866 2596 Canticor.
880 2535 903 2599 Ι.
920 2541 993 2604 552.
1012 2537 1049 2598 Δ.
1091 2531 1168 2600 Εἶεν
1179 2529 1210 2598 d’
1226 2529 1267 2598 άν
1281 2527 1338 2598 ού-

239 2645 287 2684 τοι
307 2617 381 2701 τάχα
401 2619 456 2702 μὲν
473 2623 507 2686 ul
527 2615 677 2706 α’χγελικαλ
690 2616 850 2702 δυνάμεις,
876 2623 909 2684 et
929 2646 958 2684 ιι.
974 2625 1041 2686 αλ
1084 2622 1114 2683 E
1135 2632 1236 2680 autem
1249 2622 1338 2698 sorte

230 2710 358 2785 suerint
374 2709 530 2787 arrgelioae
545 2720 727 2789 potestates,
753 2729 832 2787 quae
845 2718 899 2772 elo,
943 2705 1074 2767 Eundem
1088 2705 1337 2786 significationem

238 2792 330 2863 habet
352 2793 477 2854 verbum
497 2793 575 2872 lori,
609 2795 668 2854 nisi
688 2795 772 2874 quod
800 2793 892 2872 magis
915 2791 1053 2854 affirmet.
1104 2794 1134 2854 S.
1157 2791 1337 2852 Athanasius

239 2880 323 2942 Orat.
344 2877 380 2938 ll.
398 2889 502 2940 oontm
523 2881 624 2942 Arion.
638 2881 662 2944 1.
678 2880 750 2947 525.
769 2879 803 2942 C.
819 2873 975 2951 deotlind,
998 2877 1031 2942 ἐν
1048 2870 1127 2964 άρχῇ
1142 2876 1263 2958 ἐποίησε
1277 2922 1285 2939 .
1301 2919 1334 2937 ..

238 2960 273 3028 τύ
287 2960 397 3046 ἤρξατο
412 2973 512 3030 ποιεῖν
526 2965 601 3044 ἐστι’,
623 2964 815 3048 ,,ραοιλ1ιιιιο
829 2963 936 3040 verda,
960 2963 993 3022 in
1006 2961 1156 3044 principio
1171 2963 1258 3038 lecit,
1274 3003 1284 3026 .
1300 3001 1310 3022 .
1325 3003 1335 3022 .

238 3047 321 3108 idem
334 3052 506 3130 significent
519 3073 570 3128 oo,
593 3053 692 3132 coepit
705 3051 811 3112 lacere.
820 3047 841 3078 ’'
884 3049 944 3109 Ubi
959 3049 1068 3109 iterum
1081 3045 1335 3108 hlontelalconiur

237 3135 397 3216 paululum
416 3137 537 3198 erravit.
578 3137 692 3198 Eodem
716 3157 805 3196 sensu
826 3135 1008 3196 adhibentur
1028 3156 1045 3193 a
1066 3133 1235 3194 scholiaatia
1250 3151 1335 3192 corn·

238 3222 513 3303 mentatoribusque
526 3223 647 3284 Graecis
660 3222 751 3282 verba
764 3215 914 3299 ἐξακούω,
936 3215 1089 3302 λαμβάνω,
1110 3211 1334 3300 μεταλαμβάνοι,

239 3307 321 3367 sieut
344 3310 478 3388 accipere
498 3309 581 3389 apud
599 3307 736 3383 Latinos,
760 3315 796 3366 ut
817 3306 879 3366 rint
893 3305 1038 3366 vertenda
1059 3325 1218 3384 reponere,
1239 3306 1335 3362 inter-

211 3395 374 3472 eputari,
396 3414 484 3454 sensu
496 3394 671 3474 praesertim
689 3391 848 3471 allegorico
862 3400 892 3451 et
904 3389 1075 3468 anagogico.
1106 3391 1150 3450 De
1162 3387 1253 3450 verba
1265 3387 1333 3463 ἰξα-

236 3470 321 3540 ιιούω
333 3480 494 3557 posteriue.
536 3478 768 3558 significationis
785 3497 896 3538 vocum
910 3469 1098 3556 λαμβάνωσι
1110 3467 1333 3556 μεταλαμβάνον,

238 3582 365 3642 quarum
384 3573 511 3644 utraque
527 3563 560 3624 in
577 3563 687 3624 Laxico
708 3561 816 3623 summi
834 3561 894 3621 viri
911 3559 1086 3622 Schneideri
1103 3569 1206 3620 notan
1226 3565 1332 3634 exstat,
1372 3561 1385 3582 ⁶

236 3667 349 3728 ponam
367 3646 418 3716 hio
437 3651 581 3730 quaedam
602 3649 747 3729 exempla.
769 3651 799 3714 S.
821 3647 948 3708 Basilius
970 3645 1133 3705 Comment
1154 3645 1186 3704 in
1208 3641 1332 3718 Ειιίιια,

234 3731 260 3794 1.
276 3736 349 3800 889.
364 3734 400 3793 Α.
413 3729 447 3796 τά
459 3731 516 3816 γάρ
535 3733 641 3799 Βασάν
661 3735 704 3810 εἰς
715 3729 774 3814 ’κάν
791 3728 938 3814 αἰσχύνην
950 3726 1242 3812 μεταλαμβάνουσιν·
1263 3731 1334 3788 Ba·

233 3837 293 3876 san
310 3819 389 3878 enim
402 3821 640 3900 interpretantur
653 3823 864 3900 ignominiam,
893 3815 1067 3878 Euatalhiur
1075 3861 1084 3894 ,
1108 3819 1200 3884 1396.
1214 3819 1267 3880 27.
1281 3807 1334 3876 τύν

232 3895 376 3968 Ὀδυσσέα
390 3902 446 3986 μὲν
462 3907 505 3980 εἰς
518 3902 686 3986 φιλόσοφον
702 3903 870 3980 ulmal-mol
884 3897 1181 3984 μεταλαμβάνουσιν,
1197 3899 1334 3980 philoso-

230 3989 328 4068 pium
346 4011 405 4069 per
430 3992 612 4072 allegoriam
632 3992 809 4071 significare
828 3993 931 4048 αιάαι.
979 3987 1099 4050 Plenior
1118 3983 1234 4067 phrasin
1253 3981 1335 4065 apud

233 4075 265 4138 S.
285 4075 463 4154 Gregoriurn
484 4079 651 4157 Nyssenum
673 4075 712 4136 ln
731 4075 845 4140 Cantic.
864 4074 1011 4138 Canticor.
1036 4073 1059 4134 l·
1077 4075 1150 4140 644·
1172 4073 1265 4133 ταῦτα
1282 4063 1335 4130 καλ

232 4155 271 4228 τά
292 4166 418 4224 ιυιαύια
437 4157 539 4226 πάντα
562 4159 798 4243 μεταλαμβάνων
818 4162 861 4234 εἰς
880 4157 1028 4241 τροπικήν
1050 4156 1209 4238 σημασλαν.
1259 4152 1336 4214 vida

232 4265 353 4324 quoque
370 4248 531 4308 Eusebium
549 4251 718 4330 Praeparat.
739 4246 882 4324 Evadgal.
904 4249 979 4312 810.
1002 4245 1035 4306 C.
1050 4245 1124 4310 474.
1149 4241 1183 4300 Β.
1204 4240 1275 4306 516.
1298 4237 1335 4297 Β.

232 4327 365 4406 Vflrbfflfl
382 4329 528 4416 λαμβάνω
549 4335 593 4399 aie
614 4341 742 4413 usurpat
762 4331 905 4412 Origenes
923 4331 1037 4394 &ntra
1053 4329 1127 4406 Gelu·
1143 4329 1215 4394 818
1231 4325 1263 4386 C·
1279 4323 1336 4388 cm*
