3038 4796
254 339 330 412 363
552 339 816 416 LUITFRANDI
841 339 1039 412 LEGATIO

337 487 520 584 Argolicum
531 521 593 560 non
605 511 676 560 tuta
682 495 783 580 fides:
807 498 922 580 procul
934 509 994 558 esto
1009 500 1134 562 Latine.

341 587 477 663 Credere,
497 607 550 646 nec
563 597 688 644 mentem
698 586 798 645 aubis
811 583 952 644 adbibere
965 597 1119 645 numento.

343 676 466 734 Vincere
480 671 555 730 dcem
570 675 685 751 possit,
709 691 802 749 quarn
815 681 918 730 sancte
928 672 1047 749 peierat
1061 669 1184 749 Argos!

338 761 490 818 Marmore
505 778 583 835 quae
599 759 684 827 vario
698 757 822 834 magnis
829 767 917 834 patet
930 756 998 813 alta
1009 757 1157 832 fenestris

336 845 425 902 Haec
440 845 593 920 inaquosa
605 840 727 916 domus,
751 839 891 898 concluso
902 843 1011 920 pervia
1022 840 1093 914 soli,

336 929 469 1006 Frigora
483 929 651 1004 srsscspiens
659 968 668 995 ,
691 933 808 982 aestum
822 945 875 982 nec
884 946 979 982 saeua
993 923 1147 1003 repellens.
1187 956 1190 962 ·

334 1012 470 1071 Hoesul
481 1011 520 1067 ab
531 1013 673 1070 Ausonia
684 1007 901 1087 Luitprandus
917 1013 950 1068 in
963 1009 1036 1068 urbe
1052 1006 1199 1069 Cremona

339 1097 633 1174 Constantinopolim
648 1098 740 1173 pacis
757 1097 914 1172 profectus
927 1115 1028 1152 amore

341 1183 496 1259 Quattuor
510 1183 633 1239 aestiuis
648 1177 811 1252 concludor
825 1179 978 1238 mensibus
992 1181 1078 1237 istic:

346 1265 549 1344 induperator
565 1269 644 1322 enim
656 1269 775 1322 Bareas
789 1262 832 1337 ³⁶)
849 1263 1060 1323 conscenderat
1078 1265 1158 1340 Otto,

344 1349 443 1409 Caede
456 1349 563 1425 simul,
577 1351 777 1430 flammisque
789 1349 849 1407 sibi
864 1351 933 1408 loca
948 1347 1071 1407 subdere
1087 1360 1216 1423 tentans,

342 1433 403 1494 sed
416 1435 559 1514 precibus
573 1447 683 1492 remeat
695 1436 854 1493 Romanas
867 1438 965 1493 victor
978 1433 1023 1492 ad
1036 1433 1124 1491 urbes

342 1519 416 1579 Inde
429 1522 511 1579 meis.
554 1521 677 1579 Nurum
690 1523 836 1600 promisit
854 1521 985 1578 Graecia
998 1518 1134 1596 mendax,

343 1605 432 1681 Qreae
445 1626 498 1662 nec
509 1608 677 1682 nataforet
684 1650 692 1680 ,
714 1627 768 1664 asc
784 1627 830 1662 me
842 1609 957 1664 amisse
968 1603 1088 1679 doleret,
1155 1669 1158 1674 ¹

340 1691 404 1748 Neo
415 1690 529 1748 rabiem
545 1691 710 1768 diespiter:
724 1702 811 1748 tuam
820 1689 999 1770 perpendere
1013 1692 1139 1768 quirem,

337 1777 521 1854 Privignum
533 1776 693 1855 prohibes,
716 1777 772 1854 qui
784 1787 857 1832 nato
871 1779 994 1856 iungere
1006 1774 1108 1832 herili.

336 1861 474 1918 Imminet
486 1883 548 1919 ecce
562 1859 627 1918 dies
636 1863 742 1938 fieriis
755 1881 824 1917 cum
835 1861 949 1939 pulsus
962 1859 1088 1935 acerbis,

339 1945 384 2003 Ni
398 1947 486 2003 Deus
499 1957 631 2020 avertat,
655 1957 716 2003 toto
733 1947 822 2003 Mars
831 1949 943 2003 saeviet
959 1945 1035 2016 orbe,

340 2030 487 2108 Crimine,
504 2051 626 2110 paxque
641 2042 695 2088 tuo
709 2033 828 2089 cunctis
845 2029 981 2110 optanda
996 2029 1108 2088 silebit.

136 2153 168 2207 P.
185 2149 237 2210 488
253 2147 308 2206 llis
331 2147 510 2228 contemptis
532 2147 667 2208 versibus
686 2157 771 2208 sexto
792 2147 892 2209 Nonas
914 2149 1052 2210 Octobris
1074 2147 1150 2210 hora
1173 2147 1288 2210 decima
1308 2168 1347 2209 ex

144 2222 200 2278 ⁰⁰¹·
218 2231 233 2282 ¹
250 2251 304 2310 illa
321 2251 472 2330 quondam
485 2249 709 2330 opulentissima
727 2259 757 2310 et
768 2250 992 2329 florentissima,
1015 2270 1097 2322 nunc
1108 2251 1253 2331 famelica,
1273 2269 1346 2333 per-

250 2351 333 2430 iura,
352 2352 511 2422 mendace,
535 2352 654 2426 dolosa,
676 2373 798 2432 rapace,
823 2353 950 2433 cupida,
972 2373 1081 2430 avara,
1104 2351 1257 2413 cenodoxa
1271 2351 1345 2413 civi-

250 2463 311 2514 tate
328 2473 394 2513 cum
411 2455 540 2513 diasoste
557 2473 622 2512 meo
635 2453 726 2512 lintre
748 2475 897 2534 egressus,
917 2455 1021 2516 diebus
1042 2454 1233 2536 quadraginta
1246 2463 1276 2514 et
1289 2473 1345 2513 uo·

249 2575 335 2631 vent,
358 2553 511 2623 asinando.
535 2555 723 2631 ambulando,
747 2557 917 2637 equitando,
940 2557 1111 2635 ieiunando,
1131 2555 1274 2632 sitiendo,
1294 2575 1346 2614 su-

250 2655 409 2736 spirando,
431 2655 549 2732 flendo,
570 2657 713 2733 gemendo
735 2659 924 2740 Naupactum
942 2659 1027 2738 veni,
1050 2679 1125 2738 quae
1146 2668 1191 2718 est
1210 2657 1346 2738 Nicopoy

248 2759 311 2818 leos
325 2757 447 2820 civitas:
468 2757 501 2818 in
522 2777 580 2838 qua
603 2759 746 2820 diasostes
763 2781 846 2822 meus
868 2782 915 2822 me
942 2763 1079 2822 deserens
1105 2761 1220 2820 duabus
1242 2759 1345 2842 parvis

248 2861 423 2942 impositum
437 2861 563 2922 navibus
582 2860 699 2921 duobus
711 2883 758 2922 me
774 2863 1006 2942 mandatoribus,
1029 2863 1081 2943 qui
1094 2861 1282 2943 Hydruntem
1296 2879 1345 2921 me

248 2953 304 3045 per
321 2985 402 3024 mare
417 2965 633 3042 conducerent,
657 2967 886 3040 commendavit.
929 2967 1040 3028 Verum
1064 2983 1134 3025 cum
1154 2965 1283 3040 entolin,
1309 2961 1344 3022 id

248 3075 293 3125 est
309 3075 501 3146 praeceptum
518 3068 565 3127 ius
587 3068 733 3148 captionis
759 3089 775 3126 s
795 3070 977 3128 Graecorum
994 3067 1183 3148 Principibus
1200 3085 1263 3124 non
1284 3062 1344 3122 ha-

246 3165 367 3245 berent,
389 3169 493 3229 ubiubi
520 3172 753 3251 spernebantur:
775 3191 831 3231 nec
850 3171 909 3229 iem
926 3191 982 3230 nos
1004 3169 1040 3230 ab
1060 3168 1152 3249 ipsis,
1173 3167 1227 3226 sed
1249 3163 1308 3248 ipsi
1325 3185 1344 3223 a

220 3269 336 3329 Bnobis
349 3269 513 3333 alebantur.
557 3271 653 3345 Quam
674 3293 762 3354 saepe
781 3273 860 3334 illud
875 3274 1083 3334 Terentianum
1103 3287 1218 3330 mecum
1234 3277 1343 3328 stoma·

247 3370 372 3434 chaber:
395 3373 506 3434 Tutore
525 3393 600 3454 opus
622 3383 683 3451 est,
707 3395 783 3454 quos
804 3375 972 3434 defensores
999 3393 1096 3454 paras.
1138 3371 1232 3449 Igitur
1250 3367 1343 3430 Nonis

245 3473 372 3536 Kalend.
399 3475 533 3536 Decemb.
554 3476 742 3557 Naupactum
773 3495 920 3554 egressus,
952 3475 1043 3538 biduo
1066 3473 1108 3534 sd
1128 3467 1342 3551 Offidarim⁸⁷)

244 3573 374 3635 fluvium
394 3595 488 3656 usque
511 3579 651 3658 perveni,
674 3573 763 3664 ut⁸⁸)
785 3579 858 3638 meis
877 3577 1033 3638 comitibus
1053 3596 1115 3636 non
1135 3573 1170 3634 in
1185 3572 1343 3650 neviana,

246 3694 321 3755 quae
335 3695 385 3735 eos
403 3697 508 3758 capere
523 3701 586 3739 non
604 3689 758 3762 poterant,
779 3680 995 3760 residentibus,
1018 3679 1071 3740 sed
1087 3697 1171 3738 secus
1184 3676 1258 3736 litus
1276 3695 1343 3757 per·

245 3778 393 3857 gentibus.
436 3781 530 3841 Positi
545 3783 645 3862 itaque
658 3783 689 3842 in
708 3781 843 3843 Offidaro
857 3781 995 3858 flumine,
1017 3781 1119 3841 Patras
1135 3778 1295 3839 allomeris
1309 3775 1343 3836 in

245 3877 334 3940 litore
354 3881 497 3956 deremet
514 3893 582 3944 octo
596 3885 771 3945 milliaribus
792 3885 901 3945 distare
914 3885 1140 3966 prospeximus:
1161 3899 1248 3960 quem
1261 3877 1343 3958 Apo·

245 3983 366 4043 stolicee
373 3985 519 4066 passionis
532 3987 644 4064 locum,
660 3986 730 4066 quia
740 3987 1029 4068 Constantinopolim
1043 3980 1342 4045 ascendendovisits·

243 4083 356 4160 sinsus,
379 4088 584 4149 adoravimus:
624 4109 708 4150 nunc
734 4107 801 4151 enm
830 4089 1004 4151 visitasset
1027 4087 1150 4149 adorare
1177 4081 1343 4162 (anatem

276 4238 327 4305 ³6)
344 4239 415 4294 Fort.
430 4239 539 4307 Barim,
557 4240 614 4292 sive
636 4238 755 4294 Barium.
782 4240 865 4295 Mur.
933 4241 982 4309 87)
1004 4235 1078 4293 stas
1094 4233 1247 4308 opattam
1265 4231 1342 4288 Gn·

276 4309 325 4375 38)
349 4308 433 4364 Locus
449 4309 626 4381 imperfectus.
655 4309 739 4364 Mur.
