2994 4796
396 370 443 440 tn
463 367 622 439 LEONIS
641 368 824 440 DIACONI
842 369 919 436 LIB.
939 369 994 442 IV.
1155 364 1227 442 441

143 529 219 592 haec
238 537 269 589 et
287 527 441 608 sequentia
458 547 552 607 usque
567 527 605 588 ad
618 525 710 590 finem
723 525 828 612 capitis
839 526 1015 611 plerumque
1027 548 1066 592 ex
1079 531 1230 598 combefi·
1267 566 1269 572 s

139 615 224 676 eiam
235 613 373 674 versione
387 622 474 690 sunt,
495 611 566 691 Pagi
580 613 631 676 lv,
645 617 695 680 13.

224 715 302 779 Ῑῦἱᾶ·
322 719 376 778 lin·
399 723 449 784 16.
471 714 678 803 σηραγγώδης]
699 718 769 782 vox
787 727 816 786 et
837 720 930 782 Leoni
948 719 1083 784 adamate
1101 731 1132 784 et
1150 723 1230 805 Agna

75 860 80 876 .
138 803 222 866 {hiae
235 806 287 869 37·
302 803 333 862 c·
352 804 404 870 52·
417 803 576 868 (1131111.

224 905 304 969 Ibid.
327 907 380 970 lin.
403 912 453 974 19·
475 903 556 988 nopd
574 902 628 972 riv
645 902 763 990 Αἷμον]
791 909 833 970 De
854 909 938 970 Aemi
960 897 1145 972 convallibus
1161 934 1231 974 um-

139 993 238 1056 brosis
263 993 391 1052 oratorie
412 993 506 1050 multa
519 991 759 1073 Theophylactus
777 994 939 1054 Simocetta
958 995 1069 1058 Histor.
1085 997 1136 1064 46.
1149 997 1186 1060 Α.
1202 1008 1233 1060 et

140 1087 210 1140 ante
229 1097 298 1138 eum
315 1075 420 1139 Livius
438 1076 492 1139 lib.
507 1079 571 1140 XL.
593 1099 657 1162 cop.
668 1085 721 1146 22.
739 1079 899 1162 Splendide
911 1081 1057 1166 Yirgiliua
1077 1083 1182 1164 Georg.
1194 1083 1230 1145 11.

141 1164 220 1230 488:
234 1290 518 1312 ..........
539 1250 639 1330 Oqoi
655 1247 825 1331 megelidio
841 1253 875 1309 in
889 1249 1025 1311 vallibus
1035 1249 1128 1313 Aemi

223 1335 338 1410 distat,
360 1345 388 1394 et
402 1335 519 1416 ingenti
529 1329 686 1397 rariorum
693 1347 836 1418 protegat
853 1336 984 1396 umbro!

224 1467 305 1544 Pug.
327 1468 378 1530 63.
400 1463 454 1522 lin·
478 1466 527 1528 11.
556 1462 599 1537 εἰς
619 1456 799 1544 aeramine
819 1465 1045 1546 πεντεκαίδεκα]
1072 1463 1115 1527 Do
1140 1463 1230 1528 ludus

140 1549 286 1632 pecuniae
300 1569 414 1609 summa
429 1545 622 1607 Schloezerus
637 1549 762 1606 Nestore
774 1547 917 1608 Annalen
931 1549 966 1611 V.
983 1553 1054 1615 130.
1066 1552 1096 1616 6.
1110 1551 1147 1610 de
1160 1559 1257 1614 oen-B

140 1634 261 1695 tenariie
276 1643 393 1714 praeter
405 1632 591 1708 ducangium
607 1633 738 1692 Glosssr.
754 1632 807 1692 Gr.
821 1633 845 1694 1.
861 1637 933 1702 633.
947 1633 979 1696 C.
990 1635 1127 1696 Reiskius
1141 1637 1229 1696 Com-

139 1719 284 1780 merted
298 1719 462 1778 Caerimon.
475 1719 560 1776 aulae
572 1717 696 1796 Byzant.
708 1717 746 1776 11.
760 1717 812 1782 44.
826 1717 863 1779 Δ.

224 1801 303 1865 thid.
326 1805 381 1864 lin.
405 1805 454 1868 18.
474 1805 645 1881 πολεμικῶν
666 1801 760 1884 ἔργων
780 1795 909 1883 ἆγννῖτες
925 1796 1130 1884 τωγγᾶνοντες]
1151 1803 1229 1884 dge-

139 1885 281 1954 11111133.
297 1890 328 1952 G.
345 1882 473 1968 ἆγνότες
486 1882 523 1948 roi
537 1883 678 1966 πολέμια·
701 1887 805 1946 confer
818 1906 933 1966 quoque
946 1894 999 1956 76.
1013 1889 1048 1948 D.
1063 1897 1093 1948 et
1110 1889 1178 1955 105.
1193 1891 1227 1952 Β.
1299 1887 1302 1898 ’

222 1976 306 2052 Peg.
328 1974 379 2038 64.
401 1973 456 2036 lin.
480 1974 530 2036 10.
555 1964 670 2048 φόρους
682 1967 754 2044 rode
774 1966 865 2050 poium
882 1971 1108 2052 ἐπινοηθέντως]
1129 1974 1228 2034 Aliana

140 2077 259 2118 cansam
275 2058 427 2118 Cedrenua
443 2055 526 2114 addit
545 2056 582 2114 11.
598 2056 669 2122 653.
682 2056 716 2116 B.
736 2055 862 2116 nimium
879 2057 1013 2116 bollandi
1031 2077 1160 2118 amorem
1174 2059 1228 2118 Ni-

139 2142 279 2223 cephen,
302 2142 444 2222 quodque
457 2139 591 2200 subditos
605 2141 638 2198 in
651 2140 808 2200 continuas
819 2141 1021 2221 expeditiones
1035 2152 1137 2223 ruptor
1149 2143 1230 2204 malo

138 2229 306 2288 mulctaret.
354 2226 404 2286 sie
424 2225 502 2284 enim
524 2224 715 2302 intelligenda
736 2225 805 2303 ills,
834 2221 909 2302 πρὸς
930 2228 1076 2300 τωξείδιον
1097 2231 1229 2308 συνεχως

138 2307 243 2387 tereto·
279 2311 362 2392 quod
386 2307 431 2370 od
459 2307 636 2368 dirmidium
658 2307 788 2369 adsidue
807 2315 928 2371 venieno
952 2311 1045 2372 vertit
1062 2313 1226 2392 Xylander,

137 2395 228 2458 homo
243 2406 277 2456 ut
289 2397 391 2476 lingua
403 2394 502 2454 Attica
521 2413 589 2454 cum
602 2392 707 2473 primis
720 2395 844 2472 doctus,
866 2395 908 2454 ita
925 2395 1100 2456 Graecitatis
1113 2397 1230 2456 mediae
1325 2407 1329 2419 '

137 2489 168 2542 et
183 2481 303 2541 infimae
316 2498 477 2559 rerumque
489 2479 719 2558 Byzantinarum
736 2480 857 2540 omnino
872 2480 972 2541 rudis:
993 2481 1082 2559 inque
1100 2489 1227 2542 annota-

137 2567 270 2626 tionibus
286 2567 338 2632 25.
353 2567 389 2625 D.
402 2563 562 2623 Taxidium
576 2564 678 2623 locum
697 2563 789 2626 fuisse
802 2566 884 2642 vult,
905 2565 957 2626 ubi
971 2565 1160 2642 vectigalium
1173 2586 1228 2626 rs-

137 2651 235 2710 tiones
256 2651 446 2711 ducerentur.
487 2649 588 2728 Neque
602 2650 700 2726 Gosr,
722 2650 774 2728 qui
793 2649 876 2710 Nott.
894 2651 1109 2730 posterioribus
1127 2652 1178 2719 53.
1191 2652 1227 2710 D.

138 2735 329 2813 Xylendrum
347 2753 470 2814 carpene
484 2733 632 2808 τωξείδιον
645 2735 873 2812 navigationon
891 2757 945 2794 ceu
956 2738 1014 2794 iter
1029 2731 1115 2794 'mori
1130 2737 1226 2814 confi·

140 2817 281 2878 ciendum
295 2819 524 2898 interpretator,
546 2817 582 2876 ub
603 2817 684 2878 omni
695 2819 835 2878 immunis
849 2839 949 2880 errore
962 2829 1017 2880 est.
1058 2821 1132 2880 Nam
1146 2817 1227 2898 opud

140 2903 305 2962 cedrenum
320 2905 540 2984 scriptoresque
554 2901 625 2962 huic
634 2911 729 2962 aetate
739 2924 883 2984 suppares
896 2905 1076 2979 ταξείδωνι.
1090 2905 1253 2978 caeterave

137 2987 220 3048 valet
240 2986 453 3067 capeditionem
472 2987 630 3047 bellicam.-
659 2987 730 3047 vide
752 2989 819 3047 loca
839 2988 920 3067 apud
942 2989 1072 3068 Ducang.
1095 2989 1226 3051 Glossar.

135 3073 177 3135 11.
201 3074 294 3140 1528.
314 3074 349 3134 Β.
378 3073 453 3134 Inde
472 3065 654 3152 ταξιδιᾶριος
674 3071 738 3132 eive
760 3066 950 3151 ταξιδιόρης,
977 3073 1016 3132 do
1036 3074 1229 3153 Imperatore,

137 3155 427 3237 eapeditionorinm,
448 3167 484 3217 ut
499 3157 541 3214 its
557 3156 662 3232 dicam,
686 3156 852 3233 significat:
871 3154 931 3216 hoc
948 3167 1000 3232 est,
1022 3157 1227 3237 expeditiones

137 3243 255 3304 crebras
268 3243 488 3323 suscipientem,
500 3241 633 3320 adeoque
646 3241 828 3302 bellatorem.
851 3241 955 3321 Neque
967 3242 1131 3302 audiendus
1144 3240 1227 3322 apud

136 3328 271 3406 Ducang.
289 3329 385 3388 Nicol.
395 3328 599 3404 'Alemannus,
621 3323 798 3385 ordinarius
813 3324 893 3385 hano
906 3345 935 3388 v.
959 3326 1159 3407 interpretans
1175 3334 1227 3385 aut

133 3411 1143 3577 tttttzptttssttttt⁰3:3¹?Pittttztttut
1154 3429 1225 3556 tt

135 3579 326 3661 Byzantinis:
348 3579 614 3655 Kmemeveivoed
632 3577 701 3654 vide
721 3576 817 3644 edred
836 3580 955 3661 [nempe
972 3579 1159 3640 Constantini
1172 3579 1226 3660 Μ.]

134 3660 320 3747 ναξειδάρης.
359 3665 400 3726 Et
418 3665 556 3726 interium
578 3663 668 3728 Adrou
683 3664 702 3728 d
715 3662 782 3741 υἱός
795 3659 891 3728 edred
907 3665 1021 3746 [Baailii
1034 3665 1225 3746 MacedonisJ,

135 3747 155 3814 d
175 3745 361 3829 φιλόσοφος,
388 3743 513 3832 χρόνους
534 3747 584 3826 κέ,
600 3754 702 3855 privor
724 3766 816 3814 osto·
842 3752 1021 3831 ορθνδοξος,
1041 3746 1225 3834 ταξειδάρης.

133 3834 217 3894 ldem
231 3836 268 3894 do
282 3835 392 3894 Ioanne
414 3836 581 3896 Comnenot
602 3829 739 3914 Ιωάννης
754 3830 851 3909 dolie
865 3829 960 3900 edroi
973 3835 1084 3916 [Alexii
1100 3837 1228 3896 Comoe-

132 3919 196 3999 ni],
219 3913 376 4000 dedoedde
395 3918 449 3982 md
468 3914 617 4000 ἐλεήμων,
637 3914 765 4000 χρόνους
783 3913 828 3982 κὸ
835 3963 844 3996 ,
865 3924 964 4000 μῆνας
979 3915 1001 3995 ξ
1009 3965 1018 3997 ,
1037 3919 1151 4003 ἡμέρας
1166 3916 1225 3984 νι1’·

134 3997 317 4084 teotonem,
338 3998 524 4086 ταξειδᾶρης.
556 4003 630 4063 item
647 4003 684 4064 de
705 4003 842 4067 Manuele
865 4025 1051 4066 successores
1074 4002 1228 4085 Maeonii

133 4084 155 4152 d
175 4085 241 4187 oidp
261 4081 372 4164 edred,
394 4085 733 4170 dHoppopoytvvqsor,
753 4081 880 4174 χρόνους
897 4083 953 4167 id,
974 4095 1074 4171 μῆνας
1092 4086 1131 4168 ε’,
1152 4089 1229 4173 q‘pd-

134 4191 191 4252 oae
207 4188 248 4252 γ·
277 4166 456 4251 ὄρθόδοξος,
477 4167 664 4255 ταξειδάρης.
706 4174 842 4250 Quorum
863 4185 991 4254 quantor
1009 4177 1255 4256 imperatoruml)

133 4257 239 4316 nullm
260 4257 345 4316 mileu
368 4257 518 4336 gregorius
540 4257 615 4334 tuit,
644 4267 803 4339 antequam
825 4281 989 4341 purpuram
1009 4269 1148 4322 sumeret.
1189 4259 1228 4320 Iu

133 4361 210 4403 voce
223 4342 370 4420 ταξείδιον
383 4340 526 4405 vertenda
542 4341 679 4408 similiter
693 4342 772 4428 lopsi
785 4353 858 4408 suot
871 4345 1089 4414 Levenklsvius
1103 4346 1142 4410 ad
1155 4346 1227 4426 Gly-
