3038 4796
278 367 354 445 560
574 372 838 446 LUITPRANDI
863 373 1061 445 LEGATIO

279 545 371 598 stram
390 553 472 596 nune
489 529 556 594 dieo
578 553 712 612 omnem,
734 553 810 615 qnae
823 533 877 594 sub
897 541 999 596 vestro
1014 531 1143 614 Imperio
1155 541 1217 607 est,
1236 543 1370 612 gentems

279 649 367 719 atque
383 638 498 699 utinam
515 656 620 697 verum
638 637 697 714 ait,
716 637 798 718 quod
814 637 851 697 de
868 635 1070 718 praesentibus
1085 636 1203 717 scripsit
1217 636 1275 697 iste
1290 646 1371 696 tern-

277 741 411 824 poribus.
452 739 586 816 Cretera,
614 747 650 798 ut
662 740 795 821 scripsit,
816 747 888 800 aunt
901 736 1066 819 usquehuc
1085 739 1242 819 completa,
1262 758 1370 818 quens·

278 843 440 903 admodum
461 860 516 921 per
545 841 645 921 ipsos,
683 842 736 922 qui
758 842 868 902 borum
888 842 1033 902 librorum
1061 839 1218 900 scientiam
1248 839 1369 916 babent,

278 945 393 1007 audisis
416 955 500 1008 etex
520 943 701 1004 multieeins
718 945 807 1006 dictis
821 965 916 1005 unum
931 945 964 1006 id
984 945 1169 1026 proferamus
1183 941 1216 1002 in
1229 941 1370 1001 medium.

277 1047 330 1109 ait
346 1049 426 1108 enim
439 1068 523 1108 nuno
539 1051 720 1130 completum
733 1049 772 1108 iri
786 1047 983 1128 scripturam,
1005 1066 1080 1126 quae
1099 1045 1191 1106 dicit.-
1210 1042 1299 1106 Λέων
1317 1041 1370 1108 sel

277 1142 410 1228 σκύμνος
429 1139 641 1229 ὁμοδιῶζουὰιν
676 1147 805 1232 ὅναγρον
827 1149 939 1210 Graece
955 1150 1012 1226 ita,
1037 1148 1175 1209 Latinum
1190 1155 1289 1206 sutem
1308 1143 1368 1204 sic:

275 1249 335 1310 Leo
359 1259 389 1310 et
409 1251 528 1312 Catulus
550 1253 641 1314 simul
664 1251 903 1314 exterminabunt
922 1271 1082 1330 onagrum,
1110 1249 1194 1310 errius
1217 1248 1369 1328 interpre-

276 1351 351 1412 tatio
365 1353 528 1415 secundum
543 1354 690 1414 Graecos:
711 1353 774 1430 leo,
795 1353 828 1418 id
840 1363 884 1412 est
893 1355 1096 1414 Romanorum
1109 1353 1171 1413 sive
1188 1350 1369 1408 Graecorum

247 1453 458 1533 Bfflperstor,
479 1463 509 1513 et
530 1455 652 1516 Catulus
670 1455 855 1516 Francorum
876 1456 991 1516 scilieet
1006 1457 1087 1533 Rex,
1108 1455 1197 1516 simul
1214 1454 1263 1516 lris
1279 1477 1371 1536 prue-

218 1528 227 1552 ⁵
277 1555 408 1616 sentibus
422 1557 604 1636 temporibus
620 1559 860 1618 exterminabunt
876 1577 1029 1636 onagrum,
1049 1557 1082 1618 id
1096 1566 1141 1617 est
1154 1560 1370 1618 Saracenorum

277 1657 386 1736 Regem
398 1658 581 1720 Africanum.
624 1660 708 1734 Quae
721 1659 927 1740 interpretatio
938 1641 981 1720 eo
996 1659 1070 1718 mibi
1080 1679 1151 1720 veru
1163 1679 1226 1718 non
1239 1657 1368 1734 videtur,

278 1760 420 1842 quoniam
434 1761 492 1821 Leo
516 1771 546 1822 et
563 1762 701 1840 Catulru,
723 1763 859 1842 quamvis
879 1761 1006 1842 disparia
1031 1760 1260 1840 magnitudinis,
1281 1761 1368 1820 unius

277 1872 377 1924 umen
391 1873 462 1924 sunt
476 1874 617 1942 naturae,
640 1873 669 1924 et
684 1863 809 1943 speciei,
830 1883 883 1923 seu
898 1864 1009 1924 moris:
1029 1872 1134 1942 atque,
1155 1870 1190 1922 ut
1209 1859 1285 1920 mihi
1305 1880 1370 1922 mes

277 1963 402 2026 scientis
414 1967 562 2045 suggerit,
583 1967 674 2027 sileo
692 1967 875 2026 Graecorum
883 1965 1066 2044 Imperator,
1086 1962 1302 2024 inconveniens
1314 1971 1369 2039 est,

277 2075 315 2128 ut
336 2067 451 2128 catrdus
470 2068 511 2128 sit
529 2069 712 2130 Francorum
734 2069 815 2128 Rexs
838 2065 974 2146 quamvis
995 2065 1073 2124 enim
1097 2065 1215 2145 utrique
1234 2063 1370 2124 homines

276 2168 354 2245 sint,
380 2169 458 2230 sicut
478 2169 525 2230 leo
552 2179 583 2231 et
602 2171 718 2230 catulus
741 2177 867 2248 uterque
880 2165 1032 2244 animalis,
1055 2165 1167 2228 distant
1185 2176 1286 2227 tamen
1301 2187 1370 2226 mo-

276 2271 360 2331 ribus
380 2281 514 2349 tantum,
535 2293 597 2332 non
614 2273 682 2334 dico
702 2272 801 2333 solum
821 2277 967 2351 quantum
990 2267 1104 2348 species
1125 2267 1297 2348 speciebus,
1318 2265 1370 2327 sed

250 2379 425 2452 cquantum
433 2373 582 2434 sensibilia
593 2373 822 2436 insensibilibus.
864 2370 986 2432 Catulus
1000 2391 1018 2430 a
1030 2369 1116 2430 leone
1125 2371 1171 2430 nil
1182 2369 1241 2430 uisi
1254 2378 1369 2449 tempo·

275 2493 310 2535 re
323 2474 429 2550 distat,
451 2476 549 2538 forma
569 2475 687 2554 eadem,
706 2475 802 2536 rabies
823 2494 902 2552 una,
922 2471 1037 2552 rugitus
1053 2471 1144 2533 idern.
1188 2471 1370 2542 Graecorum

275 2575 343 2636 Rex
358 2575 498 2653 crinitus,
520 2575 687 2654 tunicatus,
708 2577 887 2654 manicatus,
907 2574 1090 2652 teristratus,
1110 2573 1254 2652 mendax,
1281 2573 1368 2634 dolo-

278 2693 346 2750 sus,
369 2675 593 2754 immisericors,
614 2677 773 2760 vulpinus,
800 2677 946 2759 superbus
954 2721 964 2754 ,
987 2675 1060 2736 falso
1082 2673 1220 2754 humilis,
1247 2693 1368 2756 pareus,

280 2775 424 2860 cupidus,
445 2780 532 2858 allio,
553 2799 641 2861 cepe,
664 2790 694 2840 et
709 2779 809 2862 porris
822 2799 960 2857 sescena,
981 2777 1085 2841 balnea
1097 2776 1215 2838 bibones
1235 2777 1369 2838 Franco-

274 2901 345 2941 rum
361 2881 426 2940 Rex
450 2893 553 2943 contra
568 2882 697 2964 pulchre
716 2893 838 2960 tonsus,
861 2879 1030 2942 amuliebri
1044 2879 1155 2940 vestitu
1171 2890 1252 2942 veste
1267 2881 1369 2944 diser-

277 3002 328 3044 sua
337 3023 346 3059 ,
367 2983 511 3064 pileatus,
532 3005 642 3065 νεῖαι,
662 2987 707 3048 nil
722 2987 784 3048 doli
796 2985 925 3058 habens,
946 2983 1016 3043 satis
1030 2981 1083 3042 ubi
1096 2983 1369 3063 competitmiseri-

276 3103 364 3161 cora,
386 3105 507 3148 severus
520 3089 574 3149 ubi
590 3097 724 3170 oportet:
747 3109 863 3169 semper
879 3107 948 3148 vere
966 3085 1106 3162 humilis,
1126 3104 1278 3165 nunquam
1294 3107 1368 3168 per-

277 3208 346 3264 cus,
368 3203 431 3250 non
454 3189 540 3267 allio,
563 3191 660 3272 cepis,
680 3191 782 3273 porris
804 3209 942 3266 vescens,
962 3197 998 3248 ut
1018 3186 1115 3269 possit
1135 3187 1311 3250 animalibus
1333 3209 1366 3252 eo

274 3311 413 3373 parcere,
436 3302 585 3372 quatenus
612 3314 675 3354 non
698 3292 899 3370 manducatis,
921 3291 974 3350 sed
1003 3287 1181 3351 venundatis
1209 3293 1368 3372 pecuniam

275 3403 441 3472 congreget.
483 3394 618 3456 Audistis
643 3395 858 3473 differentiam,
879 3393 973 3454 nolite
989 3390 1069 3453 bano
1091 3389 1368 3474 interpretationem

276 3495 516 3576 susciperesaut
537 3498 616 3558 enim
634 3499 735 3560 sutura
751 3507 812 3575 est,
834 3506 886 3558 aut
897 3495 972 3556 baec
985 3515 1057 3556 vera
1071 3515 1134 3556 non
1147 3505 1204 3556 est:
1227 3497 1368 3578 impossi-

275 3597 336 3656 bile
350 3606 394 3659 est
406 3597 501 3675 enim,
524 3608 559 3660 ut
571 3599 774 3680 Nicephorua,
796 3599 875 3660 sicut
886 3598 945 3680 ipsi
962 3598 1167 3676 mentiuntur,
1190 3598 1231 3658 sit
1241 3600 1318 3680 Leo,
1339 3607 1368 3659 et

250 3699 354 3760 Dono
377 3699 417 3758 sit
441 3701 580 3778 Catulus,
602 3702 655 3782 qui
677 3702 765 3762 simul
788 3701 987 3762 exterminent
1012 3701 1150 3781 aliquem.
1190 3700 1269 3762 Ante
1290 3700 1368 3762 enim

274 3801 433 3884 pererratis
454 3803 609 3864 amborum
630 3804 759 3882 linibus,
787 3803 875 3881 exul,
910 3813 962 3868 aut
984 3803 1104 3866 Ararim
1127 3801 1256 3864 Parthus
1277 3802 1367 3880 brbet,

274 3913 327 3964 aut
348 3903 505 3964 Germanis
524 3905 644 3984 Tigrim,
667 3927 757 3986 quarn
768 3905 955 3988 Nicephorua
976 3915 1005 3966 et
1026 3907 1098 3966 Otto
1113 3903 1242 3964 amicitis
1263 3911 1370 3964 coeant

274 4015 306 4065 et
318 4005 438 4066 foedera
450 4005 582 4084 iungant.
611 4005 747 4070 Audistis
766 4011 965 4087 Graecorum,
988 4007 1087 4068 audite
1099 4027 1180 4068 nunc
1192 4003 1369 4088 Luitprandi

269 4107 478 4168 ¹Cremonensis
496 4108 637 4190 Episcopi
650 4111 941 4192 interpretationem:
963 4109 1031 4173 dico
1043 4119 1161 4186 autem,
1182 4117 1213 4170 et
1229 4129 1293 4170 non
1315 4129 1365 4170 so-

273 4225 338 4287 lum
361 4209 446 4287 dico,
467 4210 517 4270 sed
542 4209 674 4288 affirmo,
695 4213 721 4272 si
746 4215 897 4296 scriptura
923 4211 998 4273 baso
1017 4211 1225 4294 praesentibus
1244 4222 1289 4271 est
1307 4210 1365 4270 inr-

272 4310 384 4394 plends
411 4310 610 4395 temporibus,
633 4311 689 4376 Leo
710 4323 742 4380 et
763 4315 899 4396 Catulus,
927 4323 1028 4398 pater,
1048 4325 1080 4376 at
1100 4313 1200 4394 tilius,
1222 4311 1312 4391 Otto,
1336 4320 1365 4372 st
