3058 4808
250 301 325 376 252
497 313 558 380 DE
579 313 877 384 VELITATIONE
896 313 1079 382 BELLICA
1162 355 1165 358 ·

249 501 310 544 ται.
343 475 388 560 με)
408 474 467 572 γδρ
488 478 578 554 λίθος
598 472 691 564 φύσις
711 476 831 560 αὐτοῖς,
858 474 1024 563 ἢχαλιιδς,
1053 472 1095 552 ὥς
1109 475 1154 561 μὴ
1174 470 1340 564 τραύματα

247 581 410 663 δέχεσθαι·
435 576 518 664 μήτε,
535 581 568 644 εἰι
589 577 717 666 σιδήρου
733 581 770 646 τὸ
793 587 900 662 σῶμα,
929 575 970 655 ὦς
990 578 1034 663 μὴ
1057 585 1102 667 τῷ
1130 576 1215 666 κόπφ
1237 577 1338 646 ἐκλύε-

247 689 326 748 σθαι
345 683 395 746 καί
413 680 631 774 ἀποναρκᾷν.“
655 664 780 770 προσίτί
794 681 916 758 τούτοις
928 679 1134 748 ὑποδεικνύων
1146 684 1198 746 καλ
1211 682 1266 765 τὴν
1282 689 1339 749 τοῦ

245 781 341 850 τόπου
355 785 547 871 δυσχίρειαν,
576 787 608 850 ἓν
624 775 649 872 ᾧ
665 787 810 867 μίλλουσι
826 785 902 874 πρὸς
913 780 1017 870 μόχην
1030 791 1336 873 παρασκευασθῆναι,

244 889 295 952 καὶ
320 885 395 972 ὅσην
415 887 520 962 αὐτοῖς
542 888 663 972 παρέχει
681 885 844 972 βοήθειαν.
885 887 964 969 μετὰ
987 886 1080 976 δὲχτδ
1099 891 1201 962 καλῶς
1225 886 1364 966 αύτοδς5

243 995 424 1077 παραθῆξαι
442 994 492 1056 καὶ
509 993 665 1076 διεγεῖραι,
692 993 743 1055 καί
758 990 1012 1076 προθυμοτέρους
1025 992 1077 1054 καί
1094 989 1340 1078 εύτολμωτίροος

243 1091 454 1180 ἐργάσασθαι,
489 1090 689 1176 καταστήσεις
704 1091 817 1168 αὐτούς
839 1095 871 1157 ἐν
893 1089 941 1170 οἷς
961 1089 1067 1168 τόποις
1093 1091 1248 1180 ὀφείλουσι
1272 1102 1339 1168 τοῖς

214 1196 373 1283 Βίχθροῖς
386 1192 552 1284 μάχεσθαι.
587 1198 638 1259 καὶ
655 1201 778 1280 πρῶτον
792 1197 850 1277 μίν
870 1194 908 1259 rui
922 1191 1030 1279 δφηλά
1051 1201 1113 1261 τῶν
1129 1195 1225 1283 ὁρίων
1240 1221 1337 1260 κοιτα-

240 1305 345 1381 λαβεῖν
368 1297 453 1378 δίον,
478 1299 533 1362 nui
558 1295 659 1373 πόσας
676 1297 732 1374 τὰς
749 1295 840 1372 ὁδούς
856 1305 1006 1385 κρατῆσαι
1021 1301 1071 1362 καὶ
1088 1298 1335 1384 ἀσφαλίσασθαι.

241 1404 275 1466 ίν
294 1396 389 1476 οἶςδέ
403 1402 454 1464 καὶ
469 1400 567 1476 ῖππεῖς
581 1402 708 1486 ἐγχωρεῖ
717 1401 774 1466 σύν
789 1411 854 1476 τοῖς
867 1403 965 1482 πεζοῖς
977 1395 1151 1482 μάχεσθαι,
1180 1397 1336 1484 καταστὴ-
1346 1408 1382 1460 10

244 1527 308 1579 σεις
329 1504 380 1568 καὶ
403 1503 516 1579 αύτούς
538 1505 569 1568 ἔν
587 1505 765 1588 ἐπιτηδείοις
785 1500 899 1580 τόποις.
942 1504 974 1567 ἓν
995 1499 1109 1578 πόσαις
1134 1503 1170 1568 δέ
1190 1525 1248 1568 σου
1269 1513 1338 1579 ταῖς

245 1603 451 1692 παρατάξεσιν
462 1601 613 1693 ἀρχηγοὺς
624 1612 688 1671 τῶν
696 1610 856 1695 χρησίμων
872 1607 1036 1690 ἐπιστῆσαί
1045 1629 1079 1671 σε
1093 1607 1154 1688 δεῖ,
1173 1608 1224 1670 καὶ
1237 1597 1336 1670 τάλλα

243 1707 346 1774 πάντα
369 1706 502 1796 φυλάξαι
524 1711 575 1774 καλ
594 1714 725 1796 πρᾶξαι,
754 1709 813 1774 ὅσα
835 1708 867 1774 ἓν
889 1709 969 1796 ἀρχῇ
991 1705 1159 1794 τοῦλόγου
1178 1711 1331 1792 περὶτοῦ,

243 1817 308 1888 πῶς
322 1814 372 1877 δεῖ
382 1821 446 1888 τοῖς
459 1814 614 1896 πολεμίοις
629 1815 660 1878 ἓν
673 1823 740 1888 ταῖς
755 1813 937 1898 δυσχωρίαις
950 1808 1126 1895 μάχεσθαι,
1153 1811 1334 1896 ἐξιθίμεδα.

241 1923 304 1982 τῶν
329 1915 363 1980 δὲ
386 1917 538 1998 πολεμίων
562 1916 691 1999 πλησίον
715 1911 1036 1998 καταλαμβανόντων,
1064 1916 1114 1978 καὶ
1139 1914 1335 1996 αίσδομίνων
1345 1919 1379 1976 15

240 2025 296 2101 τῆς
313 2017 398 2104 παρὰ
411 2024 469 2083 σοῦ
485 2018 645 2103 γενομένης
660 2017 829 2106 ἀσφαλείας
843 2019 875 2082 ἓν
891 2024 930 2104 τῇ
949 2013 1029 2104 ὁδῷ,
1057 2018 1108 2081 καί
1122 2012 1163 2093 ὥς
1178 2014 1337 2100 ἀμήχανον

212 2124 375 2186 (λδιελθ-εῖν
393 2119 526 2202 αὐτούς,
554 2120 635 2206 εἴπερ
655 2117 913 2207 παραβολώτερον
934 2126 1027 2185 τοῦτο
1046 2116 1236 2204 τολμήσουσι
1256 2125 1336 2206 πρᾶ-

238 2227 298 2302 ξαι,
328 2223 383 2288 οὐκ
398 2223 531 2306 εύτυχῶς
543 2223 647 2298 αὐτοῖς
661 2223 697 2288 τὸ
712 2219 869 2306 βούλευμα
882 2219 1123 2308 παραστήσεται.
1160 2221 1239 2288 ἀλλά
1252 2220 1337 2308 παρὰ

238 2333 294 2392 τοῦ
315 2331 476 2391 σοῦ’λαοῦ
498 2323 662 2412 δῃούμενοί
677 2351 711 2390 τε
734 2328 785 2390 καί
804 2322 1055 2409 συμπνιγόμενοι,
1082 2327 1133 2389 καί
1151 2324 1274 2400 ἀκοντες
1295 2323 1336 2389 soi

74 2446 126 2496 ῖοΙ.
141 2440 195 2498 406
208 2460 230 2495 r.
240 2435 324 2494 νῶτα
345 2423 499 2508 δεόσουσι,
527 2425 709 2503 σπεύδοντες
730 2427 776 2492 δι’
797 2425 902 2516 ἕτίρας
922 2423 997 2494 ὁδοῦ
1015 2427 1072 2511 τὴν
1095 2429 1176 2492 ίδίαν
1198 2425 1378 2511 narcisi-20

237 2538 366 2612 ψεσδαι.
401 2527 563 2596 τούτωνδ’
584 2529 682 2605 οότισς
697 2527 954 2618 ἀποστρεφόντων
970 2529 1100 2615 ἀγεννῶς
1115 2533 1166 2594 καλ
1178 2528 1332 2612 ἀκόσμως,

237 2630 255 2699 ὁ
274 2631 349 2709 λαός
364 2656 439 2714 σου,
466 2627 595 2707 τούτους
612 2629 785 2714 θεώμενος,
815 2632 889 2717 ὅσης
902 2640 1005 2720 χαρᾶς
1020 2635 1069 2698 καλ
1083 2634 1242 2716 θυμηδίας
1255 2637 1335 2716 πλη·

236 2733 410 2819 obticuerat
420 2781 431 2816 ,
459 2733 540 2824 λόγῳ
561 2741 757 2820 παραστῆσαι
778 2743 870 2802 τοῦτο
887 2733 1051 2802 ἀδύνατον.
1085 2727 1221 2801 reinerio
1243 2741 1333 2800 πολε-

235 2841 333 2924 μίων,
363 2835 405 2914 ὡς
426 2837 578 2919 λέλεκται,
606 2835 881 2926 διαστρεφόντων,
909 2836 979 2904 τότε
1000 2837 1190 2916 καταδίωξον
1207 2836 1335 2904 ὄπισθεν

307 2999 348 3060 tt.
372 2997 536 3078 ίξεθέρεδα.
561 2981 621 3056 Viri.
638 3019 717 3074 supra
731 3003 790 3059 122.

237 3141 305 3194 iobis
323 3155 397 3212 quum
420 3138 533 3210 psssuri.
568 3139 631 3194 Nou
650 3143 691 3196 est
709 3157 741 3194 ex
759 3137 845 3211 lapide
861 3137 1081 3206 antoninorum,
1099 3143 1145 3194 sut
1163 3154 1196 3193 ex
1212 3153 1289 3204 sere,
1306 3143 1336 3192 ut

238 3211 344 3264 vulnere
363 3211 483 3278 occipere
502 3227 553 3262 non
572 3208 683 3280 possint:
707 3226 789 3278 neque
807 3229 840 3265 ex
856 3210 925 3264 ferro
948 3227 1059 3279 corpus,
1081 3216 1111 3264 ut
1137 3208 1269 3262 laboribus
1285 3224 1335 3260 nou

235 3281 387 3350 frangatur,
404 3296 487 3350 neque
498 3277 625 3348 torpent.”
659 3279 765 3332 Adbuec
777 3285 890 3334 monstro
900 3279 952 3330 illis
966 3279 1090 3343 lucorum,
1107 3278 1152 3332 ubi
1165 3277 1199 3331 sd
1211 3275 1335 3347 proelium

238 3349 444 3413 adornabuntur,
461 3347 654 3412 difficultatem,
671 3353 699 3402 et
715 3355 837 3417 quantum
857 3347 889 3400 iis
907 3365 981 3417 opem
992 3347 1077 3400 lutura
1088 3346 1132 3400 sit.
1166 3347 1208 3402 ltu
1218 3345 1262 3398 ubi
1277 3343 1335 3398 illos

236 3420 319 3500 prebe
337 3417 431 3470 acuisti
451 3425 529 3486 atque
549 3415 683 3480 excitasti,
701 3417 844 3486 paratiores
862 3425 890 3470 et
907 3417 1071 3470 audentiores
1089 3417 1173 3470 tsctou
1193 3413 1336 3469 constitues

237 3503 263 3538 ru
284 3486 377 3554 quibus
393 3486 457 3540 iocis
471 3487 641 3540 debent.cum
653 3487 770 3540 hostibus
782 3487 932 3554 confligere.
966 3487 1004 3538 Ac
1017 3483 1214 3556 primu-quidem
1228 3483 1335 3552 fatigio

236 3555 359 3608 norisium
382 3571 510 3624 occupare
536 3573 642 3609 necesse
670 3561 725 3620 est,
748 3555 892 3624 itinereque
916 3555 1000 3608 omnis
1023 3555 1143 3608 obsidere
1164 3571 1196 3607 uc
1222 3554 1333 3605 firmare.

236 3623 348 3692 Equites
367 3623 497 3694 peditibus
517 3623 623 3678 admixti
638 3624 721 3678 sicubi
735 3625 875 3707 confligere
883 3632 1012 3706 possunt,
1029 3623 1076 3676 bos
1091 3639 1191 3694 quoque
1203 3621 1266 3674 iocis
1279 3620 1336 3673 ido·

236 3694 293 3746 treis
312 3693 458 3746 constitues.
492 3692 579 3746 Debes
600 3693 710 3764 denique
731 3693 840 3762 singulus
855 3701 906 3746 turs
918 3693 1022 3746 uciebus
1033 3691 1113 3745 duces
1127 3692 1222 3764 probus
1238 3689 1336 3760 praefi-

237 3777 306 3826 cere,
324 3769 478 3832 coeteraque
500 3762 584 3816 oruuiu
599 3762 736 3816 obseruare
752 3773 779 3816 et
791 3763 888 3828 fucere,
906 3779 972 3831 quse
985 3779 1001 3814 s
1013 3760 1140 3882 principio
1152 3757 1335 3822 commentarii,

235 3829 366 3900 incapite
387 3830 421 3882 de
440 3830 535 3900 praelio
547 3847 604 3886 cum
623 3831 738 3886 hostibus
748 3831 851 3885 in'locis
862 3831 959 3900 superis
974 3847 1096 3884 conseren
1115 3847 1145 3893 ο,
1163 3827 1334 3898 exposuimus.

238 3899 292 3951 Ubi
306 3899 411 3969 propius
423 3899 579 3953 uccoereriut
588 3901 690 3964 hostes,
709 3901 733 3954 si
744 3903 778 3954 de
790 3899 927 3970 praesidiis
938 3899 991 3952 tuis
1003 3899 1029 3951 iu
1041 3899 1085 3953 uis
1095 3899 1235 3961 collucetis,
1251 3897 1337 3966 deque
1379 3934 1382 3943 ·

238 3967 393 4022 difficultate
409 3969 558 4022 transeundi
569 3969 694 4023 certiores
706 3970 779 4035 fecti,
795 3969 957 4030 nihilomiuus
975 3967 1099 4022 suducter
1111 3983 1279 4038 perrumpere
1290 3982 1337 4018 su·

237 4037 308 4100 derit,
327 4055 416 4107 purum
434 4055 557 4108 prospere
573 4039 694 4091 succedet
708 4037 740 4092 iis
756 4039 805 4092 hoc
816 4037 955 4091 consilium.
992 4038 1097 4108 Quippe
1110 4035 1215 4092 contriti
1228 4041 1256 4089 et
1268 4051 1337 4088 coru-

258 4105 305 4158 uisi
320 4107 397 4160 utuis
407 4123 438 4160 co
456 4107 490 4160 iis
505 4107 545 4159 rel
557 4105 632 4160 inriti
640 4111 716 4177 tergo
726 4116 837 4173 vertent,
849 4107 951 4176 sliuque
962 4107 1006 4161 vie
1017 4105 1044 4158 iu
1054 4124 1113 4160 suos
1125 4107 1190 4160 fines
1200 4101 1338 4176 pervenite

251 4175 408 4230 estiuubunt
453 4175 566 4230 uessic'
620 4176 844 4232 niteretindecore
852 4183 1011 4229 revertentes
1023 4175 1045 4226 si
1056 4193 1117 4229 cous
1136 4174 1183 4228 icit
1191 4183 1250 4226 tuus
1261 4187 1338 4226 exer·
1369 4171 1376 4190 ⁸

240 4243 322 4309 citus,
343 4245 443 4299 iustitis
452 4252 532 4318 utque
542 4193 674 4315 ἀλύξετον
686 4247 869 4317 complebitur,
886 4261 925 4298 nun
944 4245 968 4296 is
980 4261 1056 4316 quoru
1071 4193 1159 4298 verbio
1173 4241 1226 4297 dici
1242 4247 1337 4314 potest.

239 4313 284 4370 Tu
302 4319 385 4371 sutem
398 4317 484 4370 hostes
500 4315 554 4383 sic,
572 4321 602 4370 ut
622 4314 820 4372 demonstratum
840 4319 895 4378 ost,
914 4263 1037 4370 obeuntes
1058 4311 1194 4384 insequere
1215 4329 1232 4368 ι
1252 4319 1338 4380 tergo.
1434 4353 1441 4362 .
