3038 4796
267 363 346 443 366
570 372 837 444 LUlTPRANDI
863 369 1063 441 LEGnvlo

268 533 333 616 pite
353 532 476 594 insidias
497 531 652 610 Densum,
674 543 705 594 et
724 531 849 593 erimine
871 529 909 590 sb
922 551 985 592 uno
1006 531 1111 593 discite
1129 551 1248 594 omnes:
1274 531 1363 594 Nios-

269 635 383 718 phorus
399 633 549 716 msncipio
571 635 635 714 illi,
657 634 706 696 eoi
728 632 922 696 collectitium
943 641 1030 714 etque
1045 633 1262 694 conductitium
1278 655 1363 695 com-

270 736 424 798 mendsvit
444 737 626 816 exercitum,
647 737 805 819 pecuniam
823 735 894 794 setis
914 755 1050 814 megnem
1069 734 1127 795 hsc
1138 736 1255 796 rstione
1270 735 1363 813 dedit,

268 849 320 916 ut,
343 837 563 900 siAdelbertus
580 861 650 900 cunr
671 845 785 917 septem
804 834 938 896 millibus
955 838 1168 914 loricatorum,
1190 847 1220 897 et
1240 857 1274 896 eo
1296 857 1364 896 em·

268 941 366 1023 plius,
388 940 467 1000 sicut
478 939 645 1017 mandevit,
666 959 698 1000 se
714 936 840 1014 adierit,
859 946 934 998 tunc
950 938 1126 1000 donativum
1146 939 1188 998 eis
1208 937 1285 998 illud
1299 939 1364 998 dis-

255 1041 393 1118 ¹tribuet.
436 1041 519 1100 Cone
535 1041 628 1101 irater
643 1061 713 1100 suus
728 1059 797 1098 cum
810 1039 876 1118 ipso
891 1049 921 1098 et
933 1039 1071 1118 Argolico
1086 1040 1221 1100 exercitu
1233 1059 1289 1100 vos
1302 1039 1364 1100 im·

269 1151 400 1226 pugnet,
415 1139 591 1202 Adelbertus
607 1149 681 1202 vcro
695 1141 796 1204 Bereis
808 1140 964 1219 diligenter
980 1141 1173 1219 custodiatur,
1194 1141 1290 1202 donec
1302 1163 1364 1222 po-

269 1245 344 1305 titus
357 1242 487 1304 victorie
501 1243 594 1302 frater
606 1241 716 1304 redeat.
759 1243 849 1316 Quod
868 1243 895 1302 si
908 1243 1029 1320 veniens
1043 1253 1090 1305 tot
1101 1242 1257 1305 hominum
1269 1243 1364 1304 millis

269 1365 335 1407 non
355 1343 475 1404 taxent
482 1385 492 1420 ,
519 1351 555 1403 nt
578 1343 730 1425 capietur,
757 1344 927 1422 vincietur,
954 1346 1098 1428 vobisque
1119 1367 1154 1407 eo
1175 1345 1363 1408 venientdms

269 1446 423 1522 tredntvu3
445 1443 569 1525 insuper
580 1454 610 1506 et
621 1445 765 1526 pecunie,
790 1466 865 1525 quoe
877 1447 906 1506 ei
920 1447 1099 1522 debebatur,
1121 1458 1236 1510 vestras
1248 1449 1282 1508 in
1296 1469 1364 1508 ma-

241 1525 334 1608 cnus·
345 1549 525 1624 conseretur,
544 1547 646 1608 edixit.
689 1547 912 1625 Obellatorem,
934 1549 1102 1610 ofidelem!
1124 1551 1252 1631 prodere
1267 1551 1363 1631 cupit,

271 1651 321 1712 cui
340 1648 384 1732 ²⁶)
407 1650 589 1710 defensorem
608 1658 710 1730 paret3
735 1649 919 1712 defensorem
940 1660 1040 1731 perot,
1062 1671 1151 1730 quem
1170 1653 1295 1734 perdere
1309 1673 1363 1714 cu·

268 1753 331 1836 pit:
351 1753 385 1813 in
397 1762 506 1813 neutro
521 1751 606 1828 fides,
626 1751 660 1810 in
672 1761 801 1831 utroque
812 1752 989 1814 infidelitas:
1007 1753 1095 1830 lecit,
1119 1774 1177 1834 quo
1191 1776 1254 1814 non
1266 1755 1361 1834 eguit,

270 1856 361 1934 eguit,
383 1854 466 1934 quod
475 1873 537 1912 non
553 1853 672 1914 lecerat.
700 1855 758 1913 Sed
771 1864 844 1932 esto,
856 1854 971 1931 fecerit,
985 1865 1022 1916 ut
1035 1857 1165 1916 Graecos
1177 1857 1285 1934 decuit,
1306 1875 1364 1916 nos

236 1971 242 1982 ·
270 1957 308 2016 cd
318 1955 506 2036 propositum
521 1954 686 2014 redeamus.
715 1955 831 2029 Qusrto
847 1957 1117 2019 decimoKelendss
1130 1958 1256 2038 Augusti
1267 1959 1363 2018 colle·

271 2057 389 2120 ctitium
402 2057 500 2138 ipsum
514 2057 651 2116 navalem
665 2057 846 2136 exercitum,
868 2079 916 2118 me
932 2059 967 2119 eb
984 2059 1080 2122 inviso
1095 2061 1182 2120 domo
1199 2069 1361 2141 spectante,

269 2159 391 2220 dimisit.
433 2158 554 2218 Decimo
574 2159 664 2218 tertio
683 2169 799 2237 sutem,
821 2179 881 2240 quo
903 2161 952 2222 die
972 2162 1051 2222 leves
1069 2161 1178 2222 Graeci
1192 2162 1361 2242 reptionem

268 2261 351 2324 Elise
370 2259 535 2340 Prophetae
557 2259 596 2321 ed
612 2260 708 2320 caelos
729 2261 811 2321 ludis
832 2263 956 2323 scenicis
974 2265 1140 2342 celebrent,
1160 2283 1208 2324 me
1226 2283 1258 2324 se
1277 2263 1360 2322 adire

267 2361 435 2444 proecepit,
458 2361 508 2420 cui
520 2370 551 2421 et
571 2361 627 2424 ait:
647 2361 809 2443 Imperium
827 2374 964 2425 nostrum
986 2365 1087 2445 copies
1104 2365 1138 2425 in
1149 2363 1287 2446 Assyrios
1302 2365 1359 2425 du·

269 2484 337 2526 cere
364 2462 475 2540 cogitat
501 2483 564 2523 non
588 2483 680 2543 super
707 2462 914 2542 Christicolas,
944 2467 1190 2546 quemadmodum
1220 2467 1360 2526 dominus

267 2577 354 2628 tunsa
376 2565 538 2645 praeterito
560 2565 672 2645 quippe
693 2585 772 2624 enno
792 2565 922 2646 idipsum
939 2568 1036 2628 locere
1055 2569 1156 2645 volui,
1177 2569 1229 2630 sed
1247 2569 1359 2648 andito,

268 2671 349 2752 quod
365 2667 504 2727 dominus
520 2676 591 2727 tuus
605 2668 726 2748 Imperii
740 2669 836 2729 nostri
850 2679 960 2730 terrem
970 2669 1112 2730 invadere
1121 2671 1230 2750 vellet,
1251 2669 1360 2730 dimis-

236 2773 310 2834 Dsis
325 2769 474 2850 Assyriis,
495 2769 581 2829 illum
598 2789 702 2830 versus
716 2769 845 2830 habenas
859 2771 1044 2833 retorsimuss
1065 2773 1257 2854 obviavitque
1269 2772 1357 2832 nobis

266 2876 301 2934 in
315 2871 490 2935 Macedonia
505 2872 678 2932 Dominicus
691 2871 858 2932 venedicus
872 2875 999 2935 nuncius
1014 2895 1103 2954 suus,
1127 2875 1180 2954 qui
1196 2875 1291 2934 multo
1308 2874 1357 2934 ls-

266 2976 339 3039 bore
360 2985 390 3036 et
404 2973 511 3035 sudore
529 2993 604 3046 nos,
626 2981 663 3033 ut
675 2983 913 3050 reverteremur,
941 2977 1066 3055 delusit,
1085 2977 1279 3038 iureiurando
1301 2998 1356 3038 no.

266 3077 313 3139 bis
327 3077 493 3153 sffirmsns,
513 3095 676 3154 numquam
693 3075 848 3136 dominum
865 3086 952 3139 tuum
966 3100 1027 3141 esse
1041 3080 1075 3140 id
1094 3081 1289 3159 cogitaturum
1301 3101 1357 3142 ne-

267 3179 340 3240 dum
356 3181 525 3253 fecturum3
545 3185 694 3237 revertere
714 3197 782 3257 ergo
800 3179 979 3259 (quodcum
1000 3180 1148 3243 audissem
1162 3183 1272 3242 tacitus
1292 3183 1355 3244 Deo

265 3281 373 3360 gratiss
393 3279 470 3354 dixi)
493 3288 523 3340 et
540 3279 631 3357 lroec,
654 3288 744 3360 etque
765 3279 840 3342 hoec
857 3293 909 3342 tuo
930 3283 1050 3344 domino
1071 3282 1229 3344 nuncisto:
1259 3283 1287 3344 si
1305 3303 1354 3346 ms

265 3391 433 3464 compotem
458 3381 580 3460 lecerit,
606 3381 670 3462 ipse
689 3381 800 3446 redito.
844 3383 899 3444 eui
917 3383 1031 3463 iubeat,
1051 3386 1172 3472 inquom
1193 3388 1354 3449 Sanctissi-

262 3503 347 3544 mum
360 3483 573 3564 Imperatorem
591 3481 639 3563 ²⁷)
663 3493 750 3545 tuom
766 3503 814 3544 me
830 3483 866 3544 in
885 3486 1001 3548 ltaliam
1017 3487 1076 3549 cito
1095 3489 1249 3568 advolare,
1273 3499 1354 3555 σω
1403 3539 1406 3548 ,

261 3585 395 3663 ratione,
418 3583 499 3666 quod
520 3583 658 3646 dominus
673 3606 774 3663 meus,
795 3607 870 3666 quse
885 3589 952 3650 vult
966 3590 1125 3673 imperium
1141 3600 1246 3670 tuum,
1268 3613 1354 3654 oons-
1406 3629 1412 3674 .·

261 3685 362 3766 plcet,
392 3695 424 3747 et
442 3685 538 3745 lectus
560 3705 613 3764 ego
637 3687 676 3746 sd
696 3697 727 3750 ts
744 3688 871 3752 redeem.
914 3691 1004 3766 Quod
1022 3714 1081 3774 que
1098 3703 1197 3754 mente
1214 3694 1351 3775 dixerim,

147 3845 152 3853 ‚
233 3791 320 3849 lineo
343 3786 458 3869 ipsum,
483 3785 682 3868 prohdolor,
708 3791 808 3850 latuit.
856 3791 932 3851 nam
953 3794 1124 3874 subridens,
1144 3795 1234 3856 simnl
1256 3797 1352 3880 ospits

260 3887 376 3966 innuit,
402 3907 508 3970 meque
529 3899 631 3952 contra
644 3901 733 3953 tenus
756 3913 787 3953 se
801 3892 990 3975 odorantem,
1015 3905 1104 3977 etque
1125 3897 1281 3964 obeuntem
1299 3917 1351 3960 ex·

259 3999 325 4066 trs,
346 3991 420 4053 foris
438 4011 572 4069 msnere,
594 4003 682 4076 stque
697 3995 735 4055 sd
757 4013 877 4056 coenem
891 3999 962 4060 ollio
984 4007 1015 4059 et
1029 4019 1101 4081 cepo
1116 3999 1190 4060 beno
1211 4001 1350 4080 olentem,

259 4091 326 4156 cleo
340 4101 370 4154 et
385 4113 456 4173 gero
471 4094 623 4158 sordidam
638 4097 739 4161 venire
752 4100 919 4182 proecepit,
942 4103 1115 4184 magnisque
1130 4101 1245 4165 dioillo
1264 4103 1350 4168 effeci

289 4289 339 4363 26)
356 4291 427 4350 Aliso
439 4293 492 4366 qni.
515 4293 592 4350 θαι.
660 4297 711 4366 27)
727 4297 798 4354 Fert
811 4299 956 4372 imperinm.
973 4301 1059 4358 tter.
