3038 4796
245 353 321 436 886
443 356 679 428 Excutere
697 354 761 425 EX
781 354 951 427 HISTOB.
974 357 1165 426 ARABUM'

248 544 333 597 cens,
360 519 449 583 iussis
469 515 680 578 tantummodo
702 514 817 576 colonis
836 535 934 578 serere
955 524 986 577 et
1008 517 1121 596 colero5
1150 516 1245 578 altero
1267 535 1349 580 anno

248 625 459 688 sareditarum
479 629 511 682 et
523 621 623 700 fruges
638 628 897 700 comportatorum
912 637 985 681 osse

603 749 605 754 .
713 723 805 784 .l..
887 765 894 782 ι

332 830 447 893 Eodem
459 845 538 887 anno
552 723 763 906 expugnabant
775 723 886 886 ἓνῗῖἒί
900 844 998 886 arcem
1008 823 1108 920 'Dslue
1114 869 1124 899 ,
1144 821 1276 900 eliasque
1288 828 1350 880 tras

248 953 364 995 circum
376 953 469 994 arces.

337 1032 481 1094 Eiusdem
501 1028 573 1090 anni
587 1029 702 1091 decimo
721 1047 822 1088 menso
842 1027 1016 1088 auferebant
1031 1025 1122 1086 iidem
1143 1023 1297 1106 captivum
1310 1043 1349 1084 ex

246 1133 321 1198 urbe
333 1135 473 1214 Manbeg,
500 1130 548 1192 cui
566 1140 717 1212 praeerat,
739 1130 980 1192 Abu-Ferarum
994 1127 1147 1204 Horetum,
1168 1126 1266 1187 lilium
1280 1125 1349 1186 Sai-

248 1237 299 1318 di,
319 1237 376 1299 filii
389 1233 545 1299 Hamdani.
561 1233 589 1316 *l

692 1335 714 1398 l.
730 1335 754 1398 1.
771 1357 801 1417 p.
816 1337 889 1404 481.

333 1441 447 1504 Eodem
463 1461 541 1500 anno
559 1437 590 1514 (i.
604 1458 629 1498 c.
645 1439 783 1516 coctu,
806 1439 859 1519 qui
873 1437 921 1498 die
934 1445 977 1506 29
988 1439 1050 1500 lan.
1064 1436 1101 1500 A.
1116 1435 1183 1498 Chr·
1200 1438 1263 1505 963
1279 1453 1349 1496 coe-

248 1539 307 1625 pit)
335 1542 513 1604 occiderunt
532 1541 639 1602 Graeci
660 1563 748 1602 snum
763 1542 974 1624 imperatorem
994 1543 1171 1616 (Romanum
1186 1532 1348 1622 iuniorem)

248 1645 335 1726 sique
355 1645 448 1706 alium
468 1645 677 1724 subrogarunt.
719 1645 797 1704 Tum
815 1645 895 1706 filius
913 1641 1145 1704 Schemescblu'k
1158 1635 1345 1724 (Tzimiscss)

246 1749 343 1812 evasit
359 1748 552 1810 Domesticua.
568 1747 618 1824 **>

213 1991 215 1994 -
332 1949 420 2013 Anno
440 1923 666 2034 occultiori
686 1847 985 2018 disl61laiissiler·
1005 1947 1067 2018 965
1088 1943 1208 2030 coepit)
1233 1945 1347 2005 Roma-

248 2074 307 2117 nus
325 2053 488 2134 imperator
503 2051 704 2140 (Nicephorus
721 2051 848 2136 Phocas)
865 2075 975 2116 corona
998 2053 1095 2114 cinxit
1110 2061 1139 2111 et
1153 2047 1272 2110 tandem
1290 2067 1348 2106 ex·

249 2158 398 2240 pugnavit
418 2157 573 2236 Masisam,
601 2157 650 2218 die
674 2157 809 2233 Saturni,
840 2156 954 2236 decimo
977 2155 1067 2216 tertio
1090 2149 1209 2232 septimi
1227 2147 1346 2226 mensis,

250 2269 280 2320 et
293 2269 487 2341 posteaquam
501 2260 600 2340 gladio
617 2260 650 2319 in
666 2259 779 2318 incolas
792 2257 997 2338 desaeviisset,
1019 2258 1161 2340 parcebat
1177 2249 1303 2333 reliquis
1317 2257 1348 2310 et

251 2362 386 2442 captivos
402 2381 501 2422 secum
517 2363 549 2420 in
569 2361 715 2420 ditionem
735 2381 818 2419 suam
835 2361 976 2441 rapiebat.
1020 2361 1154 2419 Ducenta
1175 2356 1237 2415 sera
1252 2352 1347 2413 millia

248 2461 405 2524 bominum
417 2463 591 2524 numerabat
606 2464 688 2525 urbs.
731 2462 805 2522 lnde
821 2464 906 2544 petiti
923 2465 1077 2524 Tarsenses
1090 2481 1122 2520 se
1135 2455 1348 2521 submittebant

249 2549 297 2638 ct,
318 2563 523 2624 incolumitate
536 2565 676 2645 precibus
687 2562 864 2644 impetrata,
888 2565 1029 2644 emigrare
1044 2563 1118 2624 iussi
1133 2569 1212 2626 sunt.
1255 2558 1347 2618 Terra

247 2663 384 2744 marique
399 2665 608 2744 emigrantibus
618 2673 835 2747 prosecutores,
848 2687 865 2724 a
878 2667 986 2746 quibus
999 2665 1109 2725 intuta
1122 2665 1190 2724 loca
1211 2661 1346 2722 deduce-

248 2775 372 2844 rentur,
402 2767 571 2829 sRomano
593 2787 688 2848 usque
711 2767 749 2826 ad
770 2765 963 2828 Antiochiam
987 2767 1090 2828 additi.
1134 2765 1218 2826 Tarsi
1242 2765 1347 2825 sanum

204 2906 209 2914 ·
248 2875 325 2927 tunc
339 2867 372 2928 in
386 2869 538 2930 stabulum
554 2869 646 2949 abiit,
668 2879 820 2950 suggestus
835 2871 869 2930 in
887 2871 1003 2951 ignem5
1026 2871 1099 2932 urbs
1114 2869 1181 2930 aliis
1192 2867 1300 2928 incolis
1315 2874 1345 2926 et

279 3033 307 3105 ⁶)
324 3035 368 3090 cf.
386 3035 543 3091 Elmacinum
555 3055 580 3108 p.
589 3039 641 3093 223
655 3040 682 3091 et
695 3034 748 3093 224
762 3037 911 3108 (interpret
917 3038 974 3092 bat.
991 3056 1016 3109 p.
1025 3037 1077 3096 278
1089 3041 1116 3091 et
1128 3054 1154 3106 p.
1165 3035 1239 3104 280.)
1248 3033 1345 3102 quiss-

332 3113 431 3160 tennsn
444 3109 526 3160 luisso
541 3107 717 3176 captivitatem
730 3109 787 3160 Abu
799 3136 813 3146 ·
827 3109 918 3160 b‘erasi
934 3109 986 3172 sit,
1003 3115 1030 3161 at
1043 3125 1109 3160 anno
1122 3107 1220 3160 demun
1236 3105 1288 3160 355
1301 3121 1345 3156 so·

312 3123 1344 3315 lantrannusattitulareturtranat

431 3283 438 3296 ·
786 3284 793 3297 ·
1158 3282 1167 3310 s

313 3311 470 3378 Charadrai,
487 3315 514 3370 b.
527 3331 549 3366 s.
563 3314 740 3368 Hamdaaidas
752 3314 935 3368 Seileddaulae
950 3316 1069 3376 alfiano,
1085 3331 1160 3386 quem
1173 3307 1342 3382 Ἀπολασάηρ

313 3381 441 3450 appellat,
465 3389 568 3454 captum
591 3388 619 3434 et
638 3383 861 3455 Constantinopoli
882 3384 1033 3454 productum
1054 3383 1082 3436 ia
1101 3383 1230 3454 triumpho
1252 3383 1343 3435 luisse.

311 3448 437 3502 Diversus
447 3459 488 3505 est
500 3469 516 3504 a
529 3459 617 3504 nostro
631 3451 822 3517 Abu-Ferme,
841 3453 872 3505 de
887 3453 959 3505 caius
972 3453 1123 3523 captivitate
1137 3451 1243 3516 Graeci,
1261 3467 1343 3522 qusn-

312 3522 366 3570 tum
379 3520 455 3583 novi,
472 3538 524 3574 non
541 3527 689 3577 memorant.
722 3521 811 3586 Illius,
828 3539 903 3590 quem
923 3522 1173 3586 laudatCedreaua‚
1189 3537 1280 3574 nomen
1301 3527 1343 3574 est

311 3586 546 3658 Abu’l-Aschsjer.
580 3589 765 3658 Genealogiam
778 3590 834 3643 sius
845 3608 895 3643 non
907 3593 1089 3645 constituerim.
1126 3589 1271 3644 Elmacinus
1284 3605 1341 3642 eum

310 3656 426 3725 appellat
437 3657 639 3726 Abulasajirum,
656 3659 735 3712 filium
754 3659 869 3724 Hareni,
889 3661 1014 3713 ricarium
1030 3659 1226 3723 sciscitantes,
1243 3658 1342 3711 scilicet

264 3757 267 3762 -
309 3722 337 3776 ia
351 3741 412 3779 arcs
426 3726 477 3780 Tel
490 3755 504 3766 ·
516 3726 605 3782 Patrio
616 3745 725 3798 eamque
737 3727 765 3780 in
775 3745 878 3782 carcars
892 3729 1113 3800 eonmannopot
1144 3728 1233 3782 eriisse
1244 3727 1290 3781 ait.
1304 3726 1339 3780 R.

308 3791 499 3856 Quadrieanero
511 3796 687 3865 captivitatem
694 3797 856 3850 Abu-Ferasi
865 3798 956 3863 luisse,
964 3808 1053 3852 auctor
1062 3747 1234 3853 narbonens
1260 3795 1340 3862 ‚4973

308 3861 342 3914 cf.
365 3870 500 3932 praeterea
521 3865 555 3916 ds
571 3865 752 3918 Abu-b‘eraso
771 3883 838 3936 quas
860 3873 983 3922 annuunt
1002 3868 1042 3920 Cl.
1064 3867 1171 3936 Freitag
1184 3866 1218 3921 sd
1238 3817 1293 3921 bet
1307 3883 1340 3921 ex

306 3929 367 3985 nse
381 3931 441 3986 aa.
456 3951 482 4003 p.
496 3934 555 3989 sss.
571 3935 629 3991 ass.
648 3934 680 3987 a.

271 4029 310 4102 ”)
327 4033 469 4090 contundit
481 4041 568 4090 noster
582 4037 609 4092 b.
628 4037 647 4093 Ι.
661 4043 777 4108 tempora
788 4043 816 4091 et
834 4039 956 4094 homines.
990 4037 1124 4095 Debuerat
1142 4039 1255 4098 dixisses
1272 4059 1338 4098 armo

303 4102 358 4158 ³60
368 4104 481 4173 (Christi
498 4107 564 4175 969)
581 4115 708 4176 peremtis
720 4109 771 4160 suit
784 4108 911 4162 Romanus
929 4111 1339 4183 imperator(Nioepbon1stc-

304 4170 363 4239 cas)
382 4175 469 4245 etqui
489 4175 612 4230 hactenus
627 4177 789 4230 Domesticos
804 4177 905 4242 luerat,
928 4180 1037 4233 loannes
1054 4181 1213 4248 Tzimisces,
1236 4183 1262 4236 ia
1281 4183 1338 4235 sius

302 4239 385 4370 locurp
394 4246 526 4371 'umbi
540 4247 629 4370 thrm
641 4246 781 4314 mmmm,
797 4247 941 4318 Nicephori
952 4255 1116 4317 mtscassor,
1124 4251 1270 4308 iamdudum
1282 4251 1337 4310 nso

302 4325 350 4364 suo
386 4328 502 4370 mouera
699 4333 703 4342 ·
