3038 4796
417 383 477 449 au
496 383 782 452 maranorum
801 383 996 455 rnocsn.
1174 377 1251 455 355
1372 479 1376 489 ¹

159 553 191 604 to
209 543 321 603 sciam.
342 542 450 620 gaudet
470 549 501 600 et
518 543 699 602 silicernium
722 562 756 602 ea
777 541 834 602 sibi
855 544 967 624 optari,
990 561 1066 624 quse
1082 563 1138 603 nec
1155 545 1250 608 Dauni

159 648 272 722 lacere,
293 665 351 705 nec
363 645 417 712 tibi
432 639 650 729 ²2)pr0deae,
669 643 721 703 sed
735 644 852 723 obesse,
874 646 963 706 etiam
977 647 1002 710 oi
1016 646 1136 722 laceret,
1153 649 1250 708 novit.

159 749 250 821 Quod
266 768 372 826 quaeso
385 745 587 826 Nicephorum
598 745 725 822 gaudere
740 747 822 826 pacis
835 789 958 811 ......
982 747 1085 824 illum,
1110 756 1140 806 et
1156 748 1250 827 phos·

1 847 15 878 ’·
61 901 62 905 ,
111 835 120 856 ’
159 849 290 928 phorum
305 849 484 908 clamabant.
504 853 506 858 '
525 849 732 927 impotentem,
758 848 892 926 virilem3
913 850 1048 925 stultum,
1070 848 1249 928 sapientem,

157 951 295 1026 brevem,
325 969 483 1028 magnum;
511 950 650 1028 nigrum,
677 951 791 1026 albun1;
819 961 1005 1031 peccatorem
1012 995 1023 1028 ,
1045 958 1179 1010 sanctum
1200 951 1251 1010 di-

158 1073 240 1129 cere,
264 1050 337 1110 mil1i
352 1052 483 1127 credite,
505 1071 566 1110 nou
582 1052 664 1128 laus,
687 1053 739 1114 sed
755 1053 934 1113 contumelia
947 1063 999 1113 est.
1041 1053 1080 1114 Et
1094 1053 1146 1132 qui
1156 1047 1251 1112 aliena

159 1154 251 1231 magis
271 1154 381 1232 gaudet
401 1153 457 1211 sibi
476 1151 651 1224 acclamari,
673 1171 762 1232 quam
782 1155 921 1234 propria,
944 1154 1047 1215 avibus
1067 1156 1187 1216 omuino
1202 1165 1281 1222 ostI)

158 1255 279 1331 similis,
302 1275 425 1334 quarum
444 1254 589 1314 intuitum
606 1275 670 1314 nox
692 1255 858 1334 illuminat,
887 1257 950 1316 dies
970 1267 1082 1319 coeost.
1124 1259 1183 1319 Sed
1201 1279 1253 1319 re·

158 1359 281 1418 deamus
296 1357 419 1417 adrem.
462 1355 526 1414 Hac
543 1355 575 1414 in
595 1376 703 1434 coena,
731 1357 810 1436 quod
831 1357 917 1439 prius
938 1379 1001 1417 non
1021 1360 1146 1437 fecerat,
1175 1375 1251 1422 voce

157 1455 303 1542 tatiaaa2³)
313 1458 392 1518 Beati
400 1457 518 1516 loamris
526 1457 731 1537 chrysostomi
740 1458 893 1520 homiliam
901 1461 934 1518 in
942 1460 1251 1540 Apostolorumhcti.

158 1562 215 1621 bus
236 1561 333 1638 legere
350 1559 444 1620 iussit,
487 1559 558 1618 Post
580 1560 665 1620 cuius
685 1560 824 1621 lectionis
845 1563 1024 1639 terminum,
1046 1565 1173 1624 eumad
1195 1587 1253 1628 vos

158 1663 306 1724 redeundi
327 1661 480 1720 licentiam
504 1681 692 1740 quaererem,
717 1665 814 1742 capite
835 1682 866 1722 se
881 1663 924 1722 ita
946 1665 1096 1725 facturum
1112 1665 1251 1745 innuens,

158 1765 255 1844 recipi
269 1785 316 1822 me
329 1763 366 1822 ad
382 1764 520 1822 concives
542 1773 572 1821 et
591 1763 807 1838 cohabitatores
824 1783 905 1855 meog
928 1765 1045 1843 leones,
1067 1769 1252 1846 persecutori

158 1887 223 1926 meo
235 1859 364 1928 indixit.
410 1865 498 1938 Quod
515 1885 583 1924 cum
602 1865 704 1942 fieret,
726 1886 788 1925 non
803 1887 869 1926 sum
881 1866 918 1924 ab
940 1886 974 1926 eo
997 1869 1080 1930 visus
1100 1889 1194 1949 tuque
1216 1869 1251 1929 in

159 1969 280 2028 tertium
296 1967 444 2027 decimum
458 1969 581 2029 Kalend.
598 1967 738 2046 Augusti3
764 1969 816 2027 sed
833 1967 989 2047 diligenter
1008 1969 1189 2048 custoditus,
1211 1990 1251 2032 ne
1352 2008 1355 2014 ·

160 2070 325 2150 cuiuspiam
347 2069 462 2130 fruerer
482 2090 630 2150 sermone,
653 2069 704 2146 qui
725 2089 793 2128 auos
808 2069 883 2130 mihi
900 2080 984 2130 aetus
998 2071 1155 2132 iudicaret.
1195 2071 1251 2133 In-

158 2181 238 2246 terea
258 2171 460 2231 Grimizonem
478 2171 628 2232 Adelberti
642 2171 789 2232 nuncium
805 2191 836 2231 se
853 2171 935 2234 adire
949 2173 1053 2248 iussit,
1074 2193 1162 2252 quem
1182 2191 1251 2232 cum

158 2274 257 2334 navali
271 2294 326 2332 suo
347 2273 483 2332 exercitu
495 2272 592 2333 redire
608 2271 765 2353 praecepit.
807 2273 942 2335 Fuerunt
967 2274 1120 2338 chelandia
1140 2273 1279 2354 vigintilu

160 2386 305 2456 quatuor,
327 2378 490 2436 Bassorum
508 2395 599 2435 naves
614 2375 706 2452 duae,
730 2373 861 2434 Gallicae
883 2376 974 2436 duser
996 2375 1023 2436 si
1041 2377 1112 2456 plus
1125 2376 1248 2453 miserit,

159 2499 233 2559 quas
249 2474 313 2538 ncn'
328 2477 463 2556 viderim,
485 2477 596 2538 nescio.
638 2478 831 2562 vestrorum,
852 2479 972 2538 Domini
985 2478 1042 2538 mei
1055 2477 1251 2558 Imperatores

159 2585 303 2662 Augusti,
324 2583 455 2642 militum
478 2579 625 2638 fortitudo
648 2599 712 2638 non
737 2587 817 2657 eget,
843 2587 878 2639 ut
898 2579 1132 2642 adversariorum
1151 2579 1252 2661 impo-

159 2685 252 2744 tentia
266 2685 423 2744 animetur.
466 2680 555 2755 Quod
568 2681 601 2739 in
613 2678 759 2760 hissaepe
772 2690 929 2760 expertum
946 2693 990 2742 est
1004 2681 1156 2761 gentibus,
1178 2700 1252 2760 qua·

159 2804 228 2846 rum
243 2785 331 2844 etiam
344 2783 452 2860 ultimi,
476 2793 504 2844 et
519 2793 703 2844 caeterorum
714 2781 944 2862 comparatione,
965 2781 1144 2864 impotentes
1158 2784 1252 2844 Graa-

161 2905 227 2946 cam
250 2885 455 2946 fortitudinem
471 2893 657 2959 straverunt,
677 2881 866 2942 tributariam
882 2885 1028 2944 lecerunt.
1070 2885 1253 2944 sicutenim

160 3007 215 3050 vos
244 3008 307 3046 non
330 2995 487 3064 terrerem,
514 2987 541 3046 si
560 2985 738 3046 fortissimos
756 2983 825 3043 illos
850 2992 880 3043 et
899 2984 1069 3046 Alexandro
1096 2983 1359 3047 Macedonicus

161 3089 271 3150 similes
284 3089 503 3169 praedicarem
523 3088 609 3147 sicet
622 3107 675 3146 vos
688 3084 814 3163 instigo,
836 3105 905 3144 cum
918 3085 1124 3166 impotentiam
1138 3104 1250 3164 eorum,

161 3211 237 3271 quae
258 3209 329 3251 vers
350 3201 414 3268 est,
441 3207 541 3250 narro.
594 3188 669 3247 Mihi
691 3186 816 3245 credatis
834 3187 943 3260 velim,
974 3197 1004 3246 et
1032 3185 1157 3246 credetis
1178 3185 1251 3264 scio,

162 3295 384 3372 omnemipsum
394 3291 568 3367 exercitum,
586 3288 808 3369 quadringentis
815 3285 862 3364 ²⁴)
874 3287 991 3374 uestris,
1008 3288 1124 3347 siloasa
1134 3288 1252 3347 murive

161 3414 223 3454 nou
237 3394 411 3474 impediant,
429 3389 720 3474 possaoccideraffi),
738 3389 788 3448 cui
805 3389 965 3466 exercitui,
973 3398 1006 3449 ut
1020 3399 1104 3469 puto,
1121 3389 1160 3448 ad
1174 3407 1251 3448 cou-

161 3497 313 3555 tumeliam
325 3505 465 3572 veatrem,
478 3494 629 3554 homiuem
637 3492 804 3573 quamdam,
817 3490 870 3550 sed
878 3491 1033 3570 quamdam
1045 3511 1079 3549 eo
1090 3489 1164 3566 dixi,
1179 3489 1251 3569 quis

161 3616 225 3656 mas
240 3618 302 3656 esse
316 3597 419 3674 desiit,
441 3597 548 3656 mulier
561 3595 626 3655 fieri
638 3595 753 3674 nequit,
774 3590 956 3675 praeposuit.
988 3591 1166 3652 Adelhertus
1180 3601 1250 3654 octo

162 3699 256 3758 millia
278 3699 472 3758 loricatorum
492 3719 524 3758 se
545 3695 654 3756 habere
672 3693 840 3775 Nic'ephoro
859 3692 1026 3771 mandavit,
1047 3693 1153 3774 quibus
1182 3713 1251 3754 cum

161 3800 272 3878 Argivo
291 3799 520 3859 adminiculante
546 3797 680 3858 exercitu
700 3817 754 3858 voa
782 3798 899 3874 fugare,
928 3805 981 3854 aut
1007 3805 1137 3855 sternere
1158 3793 1250 3870 dicit3

161 3901 336 3980 rogavitque
350 3903 498 3961 aemulum
511 3910 642 3962 vestrum
661 3909 697 3958 ut
709 3899 838 3979 pecunia
851 3897 898 3956 illi
914 3897 1099 3972 mitteretur,
1120 3895 1190 3976 quia
1207 3893 1251 3953 il-

161 4001 207 4060 los
224 4001 342 4062 avidius
357 4004 395 4062 ad
408 4024 538 4086 pugnam
554 4001 715 4080 instigaret.
758 4000 816 4060 Sed
829 4006 925 4081 nunc,
943 3997 1057 4060 domini
1069 3996 1144 4073 mei,
1166 3994 1279 4100 acci-B

195 4184 244 4250 22)
269 4183 341 4238 Fert.
365 4189 423 4241 atat.
448 4187 529 4241 Mur.
609 4186 658 4254 23)
674 4184 744 4237 Alias
760 4187 917 4248 associatus,
941 4201 975 4237 ox
997 4199 1047 4252 quo
1071 4179 1172 4248 corrigo
1191 4192 1256 4229 νοω

229 4255 405 4381 didiahlchass
473 4253 521 4326 24)
538 4255 611 4309 Fort.
628 4272 646 4309 o
662 4254 859 4326 qmdringsntis
874 4254 975 4310 uestris
991 4253 1073 4308 Mur.
1137 4247 1189 4317 25)
1208 4262 1251 4300 oo·
