2994 4796
318 357 393 430 496
663 363 699 429 C.
719 363 755 430 Β.
776 359 892 432 HASII
910 361 1063 432 NOTAE

319 524 390 592 149.
405 522 441 586 A.
463 517 662 605 desiderande
680 521 822 596 πλείονας
840 525 902 584 τῶν
923 515 1128 602 διαφὲρὸντων
1145 525 1201 582 rosi
1219 517 1390 601 θεασαμένου

189 667 195 676 .
316 607 350 672 cd
366 607 441 692 ὄναρ
455 614 592 689 νοσῆσαι.
634 608 761 680 Deinde,
781 615 933 666 vetustum
948 628 1012 666 esse
1026 607 1114 666 illum
1134 625 1220 664 usum
1238 607 1319 686 rerhi
1336 607 1386 666 dra·

200 707 231 758 P.
248 703 300 764 254
317 693 417 776 φέρω,
440 704 493 754 aut
510 704 590 758 certe
610 693 716 774 primis
735 691 859 751 saeculis
878 692 1030 770 religionis
1051 701 1171 750 nostrae
1188 712 1250 750 non
1270 689 1389 766 incogni-

317 788 399 855 tum,
420 781 523 839 testari
540 777 752 859 inscriptiones
773 777 847 836 duas
867 778 957 837 alac.
974 777 1129 838 Gronovio
1144 776 1250 836 relatas
1267 774 1389 836 Memoris

317 865 500 924 Cossoniana
517 864 589 931 144.
605 864 638 924 Β.
667 865 799 923 Alteram
812 863 867 926 No.
883 883 955 922 rvr:

353 973 501 1048 70770.
522 969 581 1032 ΤΟ.
599 971 796 1034 ΑΝΓΕΙΟΝ.
818 969 1039 1032 ΔΙΑΦΕΡΕῙ.
1058 971 1147 1030 AYP.
1162 963 1388 1030 enutriam

851 1057 1130 1116 ΜΑΡΚΕΛΛΟΤ.
1151 1107 1156 1126 ,

282 1147 288 1158 “
359 1144 426 1200 Hic
444 1139 567 1199 loculus
581 1151 625 1197 est
637 1138 767 1198 Aurelio
787 1139 968 1218 ΤΙιεοοίίνεο,
990 1139 1131 1200 Marcelli
1143 1139 1179 1196 F.

317 1245 451 1310 Alteram
469 1244 543 1308 ibid.
562 1246 618 1305 No.
633 1265 712 1305 xvir.
739 1245 773 1305 in
795 1268 868 1328 qua,
889 1269 964 1311 voce
982 1244 1164 1328 penultima,
1184 1238 1337 1320 legendum
1352 1233 1390 1297 ti·

317 1334 407 1392 detur
424 1333 573 1392 mom

360 1441 478 1500 ΛΊἾἨ.
490 1441 529 1498 Η.
550 1440 694 1500 ΣΟΡΘΣ.
713 1441 926 1502 ΔΙΑΦΕΡΕΙ
943 1435 1219 1501 ΠΟΛΤΚΑΡΠΩ.
1243 1431 1406 1510 ΤΠΟΑΙΑ·Ι

319 1525 451 1604 ΚΟΝΩ..
472 1525 556 1583 ΚΑΙ.
581 1527 639 1584 ΤΗ
657 1526 839 1586 ΓΓΝΑΙΚΙ.
860 1529 952 1587 Hor.
970 1525 1205 1586 ΠΑΛΛΑΔΙΑ.

358 1610 446 1667 Haec
461 1628 536 1665 arca
550 1619 594 1666 eat
607 1610 775 1688 Polycarpo
789 1608 997 1685 subdiacono,
1011 1620 1038 1666 et
1055 1610 1144 1666 uxori
1158 1595 1225 1662 citis
1238 1595 1398 1661 Palladiae:

316 1712 546 1793 Inscriptionem
561 1715 722 1774 secundam
741 1715 936 1775 Christianam
951 1735 1012 1775 esse
1024 1723 1123 1796 patet,
1144 1712 1277 1792 priorem
1291 1704 1391 1767 creden

300 1869 303 1877 ,
318 1799 391 1859 dum
407 1806 460 1857 est.
502 1799 742 1880 Positasopinor
754 1803 871 1860 saeculo
886 1801 1033 1877 secundo,
1056 1809 1107 1858 aut
1119 1797 1220 1857 tertio.

401 1904 480 1980 Pag.
505 1901 573 1966 174.
596 1901 650 1962 lin.
678 1906 727 1967 17.
748 1897 949 1982 yvopmedor
969 1897 1028 1987 ὅτῳ
1042 1897 1161 1986 τρόπῳ]
1182 1894 1296 1976 Scripsi
1313 1886 1392 1986 nudi-

320 1997 410 2045 rane:
432 1988 557 2045 fortasse
574 1987 664 2063 paulo
675 1987 767 2064 magis
782 1989 820 2045 ad
838 2009 957 2047 sensum
973 1988 1077 2046 Leonis
1091 1987 1210 2060 fuisset,
1236 1974 1392 2041 verteralue

317 2081 347 2131 et
364 2072 393 2138 6.
408 2072 440 2129 C.
465 2072 625 2150 explorans
636 2095 655 2128 :-
667 2073 747 2150 apud
762 2071 917 2150 Agalhlam
932 2081 1011 2132 certe
1026 2063 1206 2156 γνωματεῦω
1218 2077 1264 2127 est
1281 2065 1334 2124 hac
1349 2079 1392 2120 1¹⁰·

289 2157 400 2222 nticne
417 2155 468 2223 25.
487 2158 518 2214 C.
531 2152 793 2237 γνωματεύσοντας
811 2157 841 2231 ἐς
855 2155 888 2221 τὸ
901 2149 1021 2238 ἆνριβὲς
1032 2155 1069 2219 rel
1082 2149 1272 2237 βουλεύματα
1285 2153 1340 2212 τῶν
1351 2166 1392 2206 m·

315 2243 436 2320 λεμίων.
479 2241 569 2322 Apud
591 2242 717 2301 eundem
735 2249 785 2309 20.
802 2244 837 2305 l).
859 2253 889 2304 et
911 2247 980 2311 119.
1008 2242 1040 2302 0.
1062 2241 1191 2304 vertitur
1207 2231 1392 2319 perpendent-¹

318 2331 388 2394 116.
410 2326 444 2385 A.
461 2330 630 2414 pransitans.
1354 2399 1361 2412 ι

400 2413 576 2490 Pag.175·
605 2412 661 2472 lin.
685 2415 735 2478 10.
765 2415 821 2492 τῆς
846 2415 1007 2494 Χερσῶνος
1028 2405 1160 2490 ἅλωσιν]
1191 2408 1275 2468 Haec
1296 2397 1392 2464 catilla

316 2495 478 2555 chersonis
502 2496 711 2556 awtadiunro
734 2497 841 2573 Magno
863 2498 1037 2576 occupatio,
1065 2515 1155 2575 quam
1176 2495 1285 2553 Nestor
1307 2483 1392 2550 Atmtl·

318 2580 389 2646 105.
401 2580 433 2638 B.
449 2580 579 2641 version.
602 2579 703 2640 Scher.
718 2601 744 2640 a.
766 2581 876 2640 Christi
894 2587 966 2650 988.
989 2581 1131 2640 accidisse
1151 2589 1261 2639 auctor
1273 2585 1322 2636 est.
1357 2565 1392 2628 Ad

318 2653 520 2724 illustrandas¹
532 2685 579 2724 res
597 2673 767 2764 temporum
782 2667 903 2727 illorum
920 2669 1074 2749 pertinent
1093 2667 1219 2725 fortasse
1233 2659 1392 2752 epistolaetlt

317 2749 414 2809 dicam
423 2771 461 2808 an
470 2753 675 2810 commentarri
686 2752 861 2830 fragmenta,
874 2763 990 2813 servata
998 2753 1030 2811 in
1043 2750 1116 2812 Cod.
1130 2771 1206 2810 saec.
1220 2769 1254 2809 x.
1267 2749 1391 2814 exeuntis,

317 2837 346 2893 S.
367 2835 485 2912 Basilii,
513 2835 700 2915 Phalaridis,
730 2839 759 2896 S.
784 2838 921 2914 Gregorii
941 2836 1120 2897 Nazianzeni
1148 2835 1289 2915 epistolas
1315 2825 1391 2888 rarii!

316 2921 499 2984 continente.
543 2922 579 2980 In
599 2921 657 2981 hoc
676 2922 767 3000 igitur
781 2916 915 3000 Codice,
931 2925 983 3003 qui
1002 2925 1060 2993 fuit
1079 2919 1282 2982 Bibliothecae
1299 2912 1391 2991 Regiae,

313 3027 482 3087 possessor,
505 3007 557 3086 qai
572 3017 601 3066 et
615 3007 792 3086 legationem
809 3009 1068 3088 circa-llanaprim
1089 3005 1170 3088 (vide
1184 3005 1265 3064 infra
1279 3001 1342 3070 254·
1354 2989 1390 3070 lb)

315 3091 425 3167 obivit,
449 3103 478 3152 et
492 3094 605 3173 oppido
619 3094 748 3172 praefuit
763 3093 847 3175 (257.
863 3091 922 3176 lh),
943 3094 1053 3153 litteris
1066 3091 1189 3151 minutis
1203 3086 1392 3170 perplexisqut

315 3178 491 3254 admodum,
514 3199 570 3236 nec
585 3180 680 3238 multo
694 3199 782 3256 quam
800 3180 871 3240 Cod.
885 3179 949 3260 ipse
962 3177 1179 3240 recentioribus
1193 3172 1267 3237 solia
1281 3174 1334 3232 duo
1347 3183 1390 3223 vt·

315 3283 370 3322 cua
393 3263 509 3339 illevit,
531 3264 635 3322 multis
654 3265 753 3324 verbis
776 3265 915 3340 mutetis,
942 3265 1092 3337 inductis,
1120 3257 1340 3340 superscriptis,
1364 3253 1391 3346 {1²

314 3348 454 3408 dubitare
476 3369 538 3408 non
558 3369 665 3429 queas,
690 3369 757 3409 eum
775 3349 859 3409 hunc
878 3351 949 3412 Cod.
960 3397 968 3428 ,
990 3360 1027 3410 ut
1044 3357 1088 3408 est
1110 3349 1234 3425 exiguae
1254 3343 1347 3414 molis,
1365 3350 1390 3391 1¹1

316 3434 559 3513 expeditionibus
577 3455 679 3493 secum
692 3445 836 3515 portasse,
861 3436 1042 3515 pagellisque
1056 3435 1118 3492 eius
1131 3433 1235 3492 vacuis
1248 3431 1285 3489 ad
1298 3423 1390 3506 episto·

287 3516 360 3577 Clas
371 3520 657 3598 commentariosque
668 3521 856 3581 meditandos
868 3541 931 3580 esse
944 3541 1041 3580 usum.
1084 3519 1166 3577 Dabo
1177 3519 1389 3602 fragmentaque

229 3653 232 3661 ,
314 3603 421 3663 ordine
434 3615 505 3663 sunt
520 3605 552 3662 in
567 3605 657 3664 Codr
679 3607 796 3666 tametsi
809 3606 994 3684 legationem,
1017 3605 1054 3663 de
1068 3624 1126 3683 qua
1140 3603 1257 3679 statim,
1278 3617 1334 3660 non
1344 3605 1389 3686 ¹1}⁸1

310 3698 380 3771 post
397 3689 511 3748 bellum
536 3688 618 3772 (vide
639 3691 767 3750 alterum
786 3693 982 3769 fragmentum
1004 3692 1075 3756 256.
1098 3686 1144 3768 ll.)
1167 3687 1306 3746 accidisse
1318 3671 1389 3740 nerle

311 3775 403 3836 dicas.
448 3775 535 3834 Prius
556 3775 600 3834 sic
620 3776 729 3856 incipit
749 3776 939 3856 imperfecte,
961 3776 998 3834 de
1016 3773 1159 3854 Danapris
1179 3773 1315 3844 traiectu,
1340 3761 1389 3860 gh*

283 3911 285 3922 ,
312 3859 424 3920 clerum
440 3861 611 3939 fragmentis
625 3861 730 3921 lintres
745 3861 1015 3922 transmittentium
1029 3857 1212 3918 infestantis:
1229 3857 1388 3930 ..tanseat

310 3941 471 4028 κατήγετο,
490 3947 588 4007 καίτοι
604 3943 645 4026 μή
661 3948 783 4022 πλείους
801 3952 896 4031 τριῶν
913 3942 1032 4024 ἀνδρῶν
1048 3939 1175 4007 ἑκάστου
1190 3945 1276 4022 σφῶν
1293 3923 1387 4014 agoni

275 4047 279 4054 ’
310 4049 382 4092 νον·
405 4026 581 4093 οὕτωπάνυ
595 4023 824 4113 pauliacensis.
862 4025 1025 4094 Ἀλλόὕδὲ
1036 4033 1129 4091 ταῦτα
1144 4023 1226 4108 ὅμως
1238 4019 1331 4108 χώραν
1342 4009 1387 4091 till

309 4111 391 4194 παρὰ
403 4121 447 4202 τῷ
459 4110 599 4197 ῥεύματι·
621 4115 716 4180 πολλὰ
731 4113 789 4200 γὰρ
803 4111 904 4180 αὐτῶν
917 4116 966 4180 ἐπὶ
980 4115 1129 4196 μεγίστοις
1139 4107 1249 4196 πάγοις
1261 4106 1322 4173 tort
1331 4118 1385 4164 Μ·

308 4195 454 4285 ηρᾶσσετο
466 4201 518 4264 καὶ
535 4200 711 4278 tartareas·
727 4203 780 4267 καὶ
791 4202 905 4284 ὄσνχόῠ
919 4207 1009 4267 rorico
1023 4201 1165 4282 ξυμβαίη,
1184 4183 1372 4279 temtans*

343 4367 370 4436 'J
388 4364 555 4442 ἐπηθόννεσ
571 4368 636 4426 (lod.
685 4348 688 4355 ¹
