2994 4806
470 343 706 418 fflSTORIAE
728 347 783 417 vt
813 357 863 420 10.
923 423 928 430 ,
1136 337 1208 410 105

195 505 226 577 ι’.
248 507 285 578 Ὁ
301 508 336 577 dd
349 506 604 598 Σφενδασλάβος,
631 519 700 587 ταῖς
720 510 800 576 κατά
821 515 885 577 τῶν
903 511 1029 577 Μυσῶν
1049 511 1146 588 νίκαις
1161 511 1208 576 ἐπὶ
1225 534 1253 586 Α,
1264 536 1293 585 c,
1304 531 1357 588 970

127 611 196 698 μίγα
209 611 384 700 αίρόμενος,
413 615 463 678 καί
476 620 515 700 τῇ
528 619 705 701 βαρβαρικῇ
719 614 873 702 αὐθαδείᾳ
885 609 1042 700 ὐπίροπλα
1054 612 1208 700 βρενθυό-
1216 607 1262 724 ΒῙ·
1280 605 1300 654 ¹·
1319 603 1333 656 ¹

127 741 210 797 μενος
223 713 296 803 (ἤδη
310 716 371 803 γάρ
390 715 448 799 τὴν
459 714 566 804 χιόραν
578 719 712 798 βεβαίως
727 715 882 806 ἐκέκτητο)
889 763 900 796 ,
927 719 1071 802 περιδεεῖς
1084 719 1135 782 καί
1154 744 1211 782 κα-

127 826 277 904 ταπλῆγας
290 816 427 894 Μυσούς
439 826 479 906 τῇ
494 815 620 908 ε’μφύτῳ
635 819 762 910 ἀπηνείρ
774 816 1036 906 κατεργασάμενος
1049 816 1141 905 (φασί
1154 821 1213 905 γάρ

108 921 177 1004 ὄτῆν
193 924 347 990 Φιλίππου
370 917 459 986 πόλιν
472 929 518 1009 τῷ
533 927 673 1004 πολεμεῖν
688 922 796 1000 ίξελιύν
801 971 813 1006 ,
842 923 1021 1008 δισμυρίους
1040 928 1102 987 τῶν
1121 923 1153 986 ἐν
1167 927 1213 1010 τῷ

126 1021 204 1090 άστει
213 1025 398 1112 ληφθέντων
411 1023 502 1107 ὠμῶς
516 1027 567 1090 καί
581 1023 799 1112 ἀπανθρώπως
807 1023 1056 1104 ἀνασκολοπίσαι,
1075 1022 1335 1100 united-F01‚301
1355 1063 1375 1098 f,

125 1150 161 1212 τη
170 1127 205 1194 ed
220 1127 362 1204 ἀντίξουν
377 1124 459 1192 ἅπαν
467 1127 686 1210 ίκδειματῶσαι
700 1131 751 1192 καί
764 1135 865 1194 θεῖναι
880 1124 1102 1218 ὑπόσπονδον),
1119 1123 1214 1216 ὐπερ-

126 1226 232 1314 οόχους
246 1231 298 1295 καί
306 1226 455 1305 αὐθάδεις
467 1228 524 1306 τάς
537 1229 709 1318 ἀποκρίσεις
717 1231 931 1318 τοῖςπρίσβεσι
942 1227 1099 1314 Ῥωμαίων
1112 1229 1214 1318 ίξίῳε-

126 1353 165 1418 ρε·
178 1332 247 1417 ,μὴ
256 1332 314 1418 γὰρ
325 1332 494 1420 ἀφίξεσθαι
503 1339 558 1416 τῆς
567 1330 682 1420 χώρας,
693 1333 983 1418 εὐδαίμονοςούσης,
996 1337 1022 1400 εί
1028 1333 1072 1418 μὴ
1083 1335 1215 1420 ίπὶχρηι

95 1432 224 1516 Ιθμάτων
238 1433 479 1501 πολυταλάντων
492 1442 667 1523 καταβολῇ,
692 1439 743 1501 καί
757 1434 963 1522 ἀπεμπολήσει
975 1443 1038 1505 τῶν
1051 1462 1085 1502 τε
1098 1433 1247 1504 πόλεωνο

124 1540 169 1600 καί
181 1546 244 1604 τῶν
258 1535 471 1624 ἀνδραπόδων,
489 1536 549 1604 ὅσα
562 1544 607 1626 τῷ
621 1546 760 1622 πολεμεῖν
768 1538 981 1623 ἔπεκτήσαντο.
1011 1543 1036 1606 εἰ
1049 1539 1077 1605 δ’
1088 1539 1124 1606 οὐ
1138 1536 1216 1623 βοά-

124 1645 226 1706 λεσθαι
238 1638 411 1724 Ῥωμαίους
423 1647 524 1706 ταῦτα
539 1647 741 1724 καταβαλεῖν,
766 1641 845 1706 ἀλλά
861 1648 917 1725 τῆς
930 1639 1083 1728 Εὐριόπης
1095 1649 1216 1708 θᾶττον

123 1742 334 1830 ἀφίστασθαι,
363 1740 405 1820 ιδς
424 1745 468 1827 μὴ
491 1741 707 1830 προσηκούσης
728 1743 842 1824 αὐτοῖς,
871 1747 922 1808 καί
945 1743 1022 1830 πρὸς
1036 1745 1093 1827 τὴν
1110 1743 1218 1809 Ἀσίαν

123 1845 415 1926 μετασκευάζεσθαι·
432 1846 532 1922 άλλως
543 1846 602 1931 γάρ
616 1845 659 1930 μὴ
671 1847 802 1927 οἴεσθαι,
821 1843 1052 1932 Ταυροσκύθας
1066 1848 1107 1921 είς
1121 1868 1217 1912 σπον-

95 1950 177 2026 lette
192 1947 355 2034 Ῥωμαίων
370 1948 616 2033 ξυμβήσεσθαι.”
652 1946 796 2032 Ἰωάννης
820 1949 854 2014 δὲ
876 1945 893 2015 ὃ
916 1946 1133 2035 αὐτοκράτωρ,
1160 1947 1219 2024 τάς

124 2051 266 2130 τοιαότας
281 2051 454 2140 ἀποκρίσεις
467 2057 524 2116 τοῦ
538 2048 666 2118 Σκύθου
679 2049 851 2135 δεξάμενος,
876 2055 926 2117 καί
948 2043 1041 2128 αὐθις
1060 2061 1126 2127 τοῖς
1139 2075 1219 2138 προ·

125 2155 361 2243 απεσταλμίνορς
375 2155 531 2238 ἀμείβεται
546 2151 620 2220 τάδε
633 2175 641 2192 ·
665 2205 675 2236 ,
679 2155 748 2239 ,τὴν
764 2157 798 2220 ίκ
811 2155 952 2242 πατίρων
966 2157 997 2231 te
1010 2151 1092 2238 ἡμᾶς
1107 2157 1219 2236 διαβά-

126 2281 178 2324 σαν
192 2257 318 2346 είρῇνην
333 2255 495 2342 ἀλάβητον
507 2258 587 2322 καθ’
602 2255 642 2342 ἣν
657 2259 736 2334 Θεὸς
746 2259 943 2341 ἐμεσίτευσεν,
961 2257 997 2324 οὐ
1012 2260 1075 2322 δεῖν
1087 2254 1221 2339 οῗόμεθα

124 2359 198 2429 λύειν
212 2363 323 2428 αὐτοί·
350 2357 403 2426 άτε
417 2357 563 2446 πρόνοιαν
584 2357 659 2426 είναι
676 2358 866 2437 πιστεύοντες
880 2361 938 2445 τὴν
957 2361 994 2426 τό
1011 2365 1074 2425 πᾶν
1089 2357 1247 2432 διευθύ-Ι)

94 2468 243 2547 ὓνωσαν,
260 2465 315 2529 καί
327 2462 369 2527 ed
381 2465 579 2550 Χριστιανῶν
592 2461 810 2550 πρεσβεάοντες
821 2463 927 2547 ἔθιμα.
956 2463 1008 2529 διδ
1023 2469 1122 2528 ταῦτα
1137 2465 1221 2547 είση-
1337 2447 1339 2458 ’

124 2565 260 2652 ηούμεθά
282 2591 316 2631 τε
332 2562 405 2648 ὐμῖν
421 2561 463 2642 ὥς
476 2567 594 2653 φίλοις,
622 2569 673 2632 καί
689 2564 936 2650 συμβουλεύομεν
943 2615 954 2648 ,
982 2569 1111 2651 ίξαυτῇς
1127 2564 1221 2631 ἀνοία

126 2693 182 2754 ρειν
194 2677 252 2755 τῆς
271 2668 371 2753 μηδίν
391 2691 422 2734 τι
438 2666 654 2756 προσηκούσης
670 2667 776 2756 χιόρας
795 2665 885 2753 ὐμῖν,
913 2672 963 2735 καί
977 2669 1020 2754 μὴ
1039 2670 1218 2752 διαμέλλειν,

124 2773 196 2856 μηδ’
214 2769 409 2838 ἀναδύεσθαι
417 2819 428 2851 ,
456 2768 586 2853 εἰδότας,
615 2768 657 2848 ὥς
673 2775 699 2836 εί
713 2772 757 2856 μὴ
773 2779 967 2849 καταπειθεῖς
979 2769 1079 2859 ταύτῃ
1092 2777 1131 2859 τῇ
1148 2772 1221 2855 όνη-

126 2873 241 2968 σιρόριρ
264 2878 425 2960 ξυμβουλῇ
447 2873 607 2960 ydoneus,
642 2873 699 2958 οὐχ
719 2871 818 2959 ἡμᾶς,
848 2871 962 2952 αὐτοδς
984 2876 1035 2957 δὲ,
1063 2871 1145 2940 λύειν
1164 2873 1222 2950 τάς

190 3041 231 3096 lo.
250 3035 479 3120 Sphendoslubus,
509 3038 649 3121 ituigsries
670 3037 901 3122 victoriseietns,
928 3041 956 3092 et
977 3037 1091 3092 herbera
1113 3035 1222 3119 sudpeie

127 3175 146 3226 ι
190 3104 1224 3245 ἀλι”ἲιῗλῗοὶᾞλἓλιόὶἶῖιλύἑύάῖίλλάλῗῗέἒῖ(λελῗῗύλῗύιιῖἲλὲλῖ

127 3242 165 3296 lim
178 3245 245 3298 bello
262 3244 391 3314 cepisset,
409 3245 534 3298 hominum
547 3244 626 3298 millia
644 3245 739 3314 viginti
757 3246 784 3299 in
801 3246 896 3328 pppide
908 3245 1143 3321 eomprehensorum
1163 3257 1225 3293 eru-

127 3311 214 3392 deliter
227 3331 301 3396 mere
313 3313 424 3366 barbaro
440 3314 505 3382 pelis
517 3313 646 3366 suffixisse
665 3314 774 3396 dicium,
792 3332 897 3396 sieque,
913 3329 1080 3395 quoscunque
1100 3310 1134 3364 sd
1154 3309 1225 3363 iilum

127 3379 189 3432 diem
200 3387 376 3445 restitissent,
393 3383 557 3436 vehementer
575 3382 705 3452 perculsos
717 3400 745 3434 ιιι
764 3383 917 3435 deditionem
936 3379 1095 3450 accepisse),
1113 3378 1225 3448 superbe

20 3511 21 3528 ,
127 3455 152 3502 et
164 3451 274 3504 sudreie
286 3467 410 3518 responsa
421 3451 514 3520 legatis
526 3453 693 3505 Romanorum
714 3451 801 3504 dedite
818 3453 975 3520 „Nunquam
988 3451 1059 3511 fore,
1076 3455 1106 3500 ut
1119 3447 1226 3516 regione

127 3515 203 3574 fertili
218 3537 248 3572 se
261 3519 415 3583 abstineret,
432 3519 482 3573 nisi
493 3527 552 3590 post
563 3521 669 3590 grandis
682 3520 806 3590 pecuniae
820 3519 975 3592 pensionem,
992 3519 1113 3586 factuque
1125 3517 1227 3570 redem-

127 3585 193 3640 tinne
206 3587 360 3659 oppidorum
377 3596 404 3642 et
417 3587 591 3659 euptivorum,
608 3597 735 3659 quotquot
747 3587 813 3641 bello
829 3589 966 3710 cepissent
1002 3587 1088 3651 Quem
1105 3587 1129 3639 si
1147 3603 1226 3656 pecu-

20 3659 21 3670 *
127 3655 190 3708 niem
203 3656 316 3710 Romani
330 3657 443 3726 pendere
455 3657 566 3722 nollent,
583 3661 644 3728 quin
658 3658 814 3711 decederent
836 3657 854 3710 il
866 3659 905 3710 ico
925 3676 957 3710 er
970 3657 1091 3726 Europa,
1109 3655 1136 3708 in
1152 3670 1228 3724 quem

127 3720 164 3776 ius
179 3725 307 3778 haberent
319 3725 428 3790 nullum,
445 3727 473 3778 in
486 3727 572 3780 Asiam
595 3727 749 3780 transirent:
768 3745 818 3782 nou
840 3725 915 3780 aliter
935 3745 992 3780 sese
1007 3739 1114 3796 putare,
1132 3725 1230 3778 Russos

128 3807 181 3844 eum
191 3792 316 3847 Romanis
330 3812 418 3863 pacem
430 3795 570 3848 facturos.”
597 3797 706 3848 Ioannes
718 3797 849 3866 Augustus
862 3796 906 3848 ubi
920 3814 937 3848 a
949 3797 1049 3864 Scytha
1061 3795 1110 3848 hoe
1121 3809 1228 3862 respou-

129 3876 180 3913 sum
198 3863 315 3926 tulerat,
335 3881 382 3934 per
403 3864 522 3918 remissos
543 3863 644 3934 legatos
664 3865 728 3918 hnee
747 3865 897 3918 renunciat:
916 3865 1028 3930 „Pacem
1045 3863 1096 3916 ism
1112 3879 1194 3930 usque
1213 3877 1230 3914 s

129 3937 227 4047 petrum
240 3939 358 4001 tempore
371 3931 405 3985 sd
426 3951 472 3986 nos
492 3933 656 4002 perductam,
693 3951 800 4004 namque
822 3933 998 3988 inconcussam
1015 3933 1163 3986 interventu
1183 3945 1230 3982 suo

148 4015 198 4079 'eus
213 3999 395 4064 conservavit,
412 4002 542 4055 minimos
556 4003 630 4060 nubis
649 3953 804 4056 niteremur
825 4003 932 4056 ιλίεεολνὶ
953 4006 1066 4058 θείνεται
1084 3997 1154 4069 quod
1172 4015 1230 4052 cre-

131 4066 213 4118 dimus
237 4069 433 4138 providentiam
448 4088 507 4124 esse
526 4079 619 4125 cuneta
641 4069 875 4136 administrantem,
893 4072 1012 4144 quodque
1027 4067 1231 4122 christianorum

20 4167 21 4170 ι
132 4141 227 4188 statute
239 4139 396 4206 profitemur.
434 4139 523 4202 Quare
536 4141 669 4193 suademus
684 4141 759 4194 subis
779 4148 809 4193 ut
820 4141 923 4206 amicis,
941 4147 969 4194 et
980 4141 1125 4200 hortamur,
1144 4153 1232 4206 epre-

132 4201 215 4286 s'incis
231 4207 377 4277 neutiquam
393 4207 426 4261 sd
438 4227 486 4261 νοτ
505 4211 650 4278 pertinente
670 4211 755 4264 statim
776 4210 891 4274 abestis,
909 4211 965 4263 sine
985 4209 1036 4262 uile
1048 4224 1119 4260 mors
1133 4213 1177 4258 sut
1188 4223 1232 4257 re-

134 4281 284 4338 cusnttene,
307 4277 528 4346 persuasissimum
549 4279 691 4343 habentes,
714 4279 822 4332 salutari
844 4279 1028 4332 huiceousilie
1046 4275 1168 4330 siminus
1185 4290 1234 4324 vos

135 4341 304 4412 obsequentes
316 4345 501 4413 exhibueritis,
518 4365 569 4402 non
583 4363 645 4414 uos,
662 4349 707 4402 sed
728 4349 914 4419 vosmetipsos,
931 4349 1038 4401 turbere
1057 4361 1145 4418 pacem
1164 4338 1234 4396 snti-
