2984 4798
389 386 434 457 111
454 383 696 455 THEODOSII
714 381 948 458 ACROASES.
1141 373 1218 452 537

123 538 1219 708 1111111101..1111111111ἑέ

122 715 242 776 otiosius
259 715 442 775 Graecorum
457 712 661 774 fortitudinem
674 713 799 773 innuere
815 713 916 772 volens
937 712 1045 791 inquit,
1067 713 1218 794 Nicepho-

121 819 190 862 rum
207 799 337 860 emisisse
349 817 419 858 suos
439 798 548 858 milites
561 792 599 860 osi
610 795 782 879 παρέργως,
804 819 862 856 non
873 799 968 873 facili
981 817 1088 876 nempe
1101 803 1218 878 negotio

119 882 318 965 superandos,
330 891 436 964 utpote
447 891 529 944 reete
541 881 714 958 instructos,
728 891 873 962 uentoque
887 883 986 942 suimo
1000 881 1162 963 praeditos,
1182 893 1219 944 ut

9 1004 10 1008 =
118 989 183 1029 non
205 970 270 1030 sino
293 970 423 1028 maximo
440 969 541 1027 labore
555 967 637 1028 vinci
652 987 668 1024 s
682 966 818 1026 bsrbsris
839 976 970 1048 possent.
1012 960 1073 1046 [Ου’
1085 963 1147 1046 prsis
1159 989 1219 1030 nu-

116 1053 240 1136 ρέργως,
262 1073 325 1112 non
341 1073 411 1112 esne
424 1053 617 1130 negligenter,
635 1051 776 1131 curaque,
797 1072 887 1130 quom
902 1073 950 1112 res
962 1051 1143 1132 requirebat,
1164 1071 1222 1112 ne-

118 1139 226 1217 glecto.
252 1138 297 1198 01.
320 1137 358 1196 sd
371 1137 543 1198 Philostrati
556 1138 621 1198 lun.
636 1137 742 1215 lmsgg.
755 1159 786 1218 p.
802 1141 874 1202 613.
888 1137 921 1195 F.
940 1136 977 1217 1.]

207 1227 277 1289 110.
298 1216 381 1286 Ἐπεὶ
401 1219 435 1285 δὲ
451 1216 575 1302 πάντες]
599 1222 735 1298 cladem,
756 1241 847 1300 quam
867 1221 958 1283 simul
982 1243 1017 1282 1ο
1033 1222 1221 1304 Nicephome

120 1325 189 1368 oum
204 1307 338 1368 exercitu
352 1308 468 1368 Gretsm
482 1307 639 1386 applicuit,
659 1306 777 1366 berbsri
796 1316 985 1388 occeperunt,
1006 1307 1147 1390 graphice
1162 1309 1214 1368 de-
1229 1321 1262 1375 P.
1279 1323 1333 1380 380

118 1391 227 1452 scribit
249 1397 349 1472 poeto.
404 1393 447 1452 Do
477 1391 537 1451 hoc
559 1393 741 1452 Grseoorum
754 1411 823 1452 oum
845 1392 999 1452 Sorocenis
1027 1393 1215 1454 Cretensibus
1232 1392 1320 1450 cell

117 1477 218 1558 primo
238 1475 381 1536 oonlliotn
399 1478 460 1557 ogit
478 1478 539 1537 Leo
561 1478 722 1546 Bistonas,
744 1477 795 1536 ubi
821 1477 877 1536 sit:
905 1481 989 1536 tune
1005 1479 1220 1538 Rommsorum

118 1565 197 1622 Dus·
212 1562 404 1640 Mespheres
422 1563 541 1642 triplici
561 1565 682 1642 agmine
701 1559 871 1621 distributa
892 1565 974 1639 acis,
997 1563 1168 1644 clypeisque
1183 1585 1223 1624 oc

118 1647 220 1706 hastis
237 1648 327 1726 longe
339 1651 527 1728 constipato,
550 1647 693 1707 bellicum
713 1667 839 1722 canens,
859 1667 931 1704 oum
945 1651 1045 1706 crucis
1061 1660 1222 1728 tropaeum

113 1735 237 1812 praeire
255 1734 411 1809 iussisset,
433 1731 558 1792 obversa
571 1733 680 1809 fronte
706 1735 738 1791 in
762 1732 911 1791 barbaros
931 1734 1039 1790 irruit:
1070 1737 1223 1813 grauique

71 1865 74 1872 .
118 1827 252 1875 comesto
271 1819 411 1896 praelio,
439 1819 597 1898 instarque
623 1815 790 1897 grandinis
808 1815 1020 1877 devolantibris
1038 1819 1107 1877 telis
1131 1817 1222 1878 haud

109 1902 186 1980 fleri
201 1912 342 1980 poterat,
364 1913 401 1961 ut
415 1902 542 1962 barbare
555 1904 771 1962 Romanarum
791 1902 915 1961 imbrem
930 1905 1120 1982 sagittarum
1142 1901 1221 1962 diss-

119 1987 184 2044 tius
202 1987 340 2060 fervent:
373 1989 450 2067 quin
480 1991 541 2046 imo
564 1998 652 2068 terga
677 1998 838 2065 vertentes,
868 1987 1030 2066 solutaque
1047 1987 1219 2068 phalange,

96 2063 214 2149 'quom
236 2070 329 2152 effuse
350 2071 442 2130 licuit
461 2093 586 2132 cursum
610 2070 809 2151 expedientes,
841 2075 874 2130 in
891 2093 985 2131 suum
1008 2095 1040 2130 se
1054 2071 1221 2152 praedium

116 2175 257 2233 recepere.
307 2157 445 2216 Romani
463 2177 544 2238 pone
570 2169 724 2238 sequentes
751 2160 930 2216 immensam
958 2177 1062 2216 eor-sem
1087 2169 1222 2238 stragem

117 2237 278 2303 dederunt.
335 2243 437 2301 Talem
454 2244 603 2301 nimirum
626 2245 730 2322 primo
751 2245 908 2321 aggressio
935 2263 1105 2322 pugnaque
1131 2245 1220 2321 sau-

117 2335 200 2384 stum
215 2327 368 2385 Romanis
380 2339 474 2387 nacta
481 2327 578 2408 finem
602 2339 654 2388 est.
697 2327 764 2389 vid.
783 2327 906 2406 Psgium
928 2327 1000 2387 Crit.
1011 2328 1045 2386 in
1058 2328 1137 2390 hnn.
1149 2327 1219 2392 Bar.

116 2411 203 2470 Tom·
217 2411 267 2471 lli·
281 2429 348 2492 pag·
364 2412 436 2480 874.
473 2407 568 2492 [unet
581 2409 615 2475 ii
628 2405 738 2486 πάντες
750 2403 832 2492 ἦσαν
847 2406 914 2476 sieri
927 2413 1048 2492 θηρίων
1058 2413 1136 2472 mele
1150 2433 1220 2473 ver-

115 2496 209 2554 titur:
238 2499 350 2576 egressi
360 2507 431 2556 sunt
447 2509 553 2557 contra
566 2497 692 2578 belluas.
734 2499 844 2557 Sensus
863 2505 924 2573 est,
945 2497 1056 2558 milites
1069 2499 1218 2558 Romanos

114 2579 200 2639 hsud
221 2601 307 2640 secus
323 2601 359 2640 nc
372 2584 449 2642 leros
464 2581 587 2643 irruisse
604 2583 635 2642 in
649 2581 766 2660 hostes,
789 2592 819 2641 et
832 2582 969 2662 undique
982 2603 1014 2641 se
1029 2583 1220 2662 pestilentius

115 2664 157 2724 stl
178 2665 274 2725 inetur
291 2665 325 2724 in
342 2675 453 2728 terrum
465 2667 606 2728 hostilem
624 2667 773 2728 effudisse.
788 2669 832 2727 Cf.
847 2667 927 2727 infre
939 2687 969 2728 v.
983 2671 1054 2734 208.
1068 2669 1101 2726 F.
1114 2666 1152 2749 1.]

203 2747 285 2828 [117.
312 2755 351 2835 τῇ
376 2755 481 2816 ποδοῖν
510 2747 682 2836 περικλάσει
704 2753 853 2812 vertiture
881 2753 1054 2811 conculcati
1077 2752 1219 2832 pedibus.

116 2832 198 2907 lmo,
219 2833 253 2890 in
266 2833 318 2890 ills
330 2836 537 2914 festinatione,
561 2857 653 2916 quum
667 2839 861 2914 fugerent-
872 2835 950 2919 πρός
966 2833 1069 2918 φυγήν
1084 2837 1164 2898 enim
1177 2841 1219 2899 le.

116 2915 249 2996 gendum
268 2937 325 2996 pro
339 2917 418 3000 πρός
433 2919 555 3003 σφαγήν
569 2945 612 2966 -
625 2921 837 2997 conciderunt,
849 2924 959 2997 fracto
970 2919 1084 3003 pedum
1098 2923 1218 3001 robore3

117 3001 201 3082 quod
214 3010 259 3059 est
272 2994 345 3064 luiso
358 2999 492 3085 γούνατα
507 3005 591 3085 spud
605 3005 778 3067 Homerum.
794 3006 827 3064 F.
841 3005 882 3084 1.]

202 3088 275 3152 108.
296 3091 396 3168 Γοναῖς
414 3082 587 3172 ἀστοργίαν]
609 3091 738 3149 Tantum
765 3099 888 3168 eccepto
902 3089 1000 3150 clsdes
1012 3089 1152 3151 timorem
1173 3093 1222 3152 se·

116 3171 206 3230 minis
219 3171 395 3248 incusserat,
417 3183 454 3233 ut
466 3174 609 3233 usturslis
623 3173 711 3233 etism
725 3173 850 3234 effeetus
864 3173 896 3236 in
914 3175 994 3234 lilios
1009 3177 1047 3234 ob
1060 3177 1221 3238 imminens

115 3257 288 3336 perieulum
312 3257 566 3319 obliviscerentur.
611 3263 709 3339 Γονῆς
723 3253 883 3340 αότοργίαν
898 3261 1041 3333 κίνδυνος
1055 3255 1220 3343 α’ντήγειρε,

116 3351 153 3398 ut
172 3341 279 3401 melius
291 3343 354 3402 vim
371 3344 501 3404 Graecae
522 3343 612 3403 huius
630 3343 792 3404 locutionis
810 3344 1041 3425 exprimeremus
1056 3345 1219 3406 vestimus:

111 3426 289 3504 periculum
311 3429 504 3508 extinguebat
527 3439 698 3488 maternum
721 3449 852 3488 artiorem
878 3433 911 3488 in
926 3431 1022 3509 filios.
1058 3426 1222 3511 ’Ἅστοργος

116 3529 136 3566 ι
150 3508 271 3569 Graecis
291 3515 415 3594 proprie
436 3515 569 3590 dicitur,
592 3514 646 3594 qui
667 3533 775 3592 expers
799 3522 845 3574 est
859 3515 986 3591 amoris,
1008 3534 1068 3594 quo
1082 3524 1222 3595 parentes

115 3593 227 3654 liberos
239 3613 310 3654 suos
321 3609 562 3680 prosequuntur:
590 3618 681 3679 quere
693 3599 861 3660 Athensens
876 3599 982 3679 Deipn.
994 3599 1046 3662 h'b.
1059 3600 1140 3660 XIV.
1154 3621 1220 3680 cop.

115 3683 167 3745 20.
191 3698 257 3760 peg-
271 3681 343 3748 656.
367 3683 405 3743 ‹le
420 3685 522 3745 ovium
534 3693 643 3746 notura
654 3685 798 3764 loquens,
820 3703 894 3764 quos
908 3685 1101 3764 Meleagridss
1114 3686 1222 3766 sppel-

114 3762 190 3841 lent,
211 3764 327 3843 inquit:
356 3766 416 3831 ion
432 3767 466 3833 ii
480 3766 627 3854 ἄστοργον
643 3765 719 3848 πρὸς
732 3767 771 3832 soi
784 3768 892 3851 inpone
906 3765 941 3834 eo*
955 3766 1081 3852 ὄρνεον,
1103 3781 1147 3828 est
1162 3791 1221 3829 au·

114 3858 175 3906 tens
191 3851 328 3924 areimai,
350 3851 436 3932 quod
458 3875 520 3914 non
542 3858 589 3912 ita
601 3849 722 3934 prolem
735 3873 828 3912 suam
841 3865 937 3915 ornat.
977 3854 1095 3915 Avoce
1110 3850 1220 3936 ἄστορ-

117 3953 172 4014 γος
184 3953 291 3994 vocem
306 3929 465 4020 oiovopyiov
478 3939 627 3999 derivavit
638 3939 838 4016 Theodosius,
859 3959 948 4021 quem
961 3959 1067 4002 vooem
1077 3939 1112 3999 iu
1126 3941 1218 4001 Gree-

117 4016 162 4076 cis
175 4017 309 4079 melioris
325 4023 392 4081 sevi
405 4024 603 4104 scriptoribus
618 4025 673 4083 vix
686 4024 827 4105 reperies.

202 4107 273 4170 128.
300 4105 441 4189 Τρίχροος
460 4109 598 4190 τιμωρία]
621 4109 726 4170 Clades
744 4131 761 4168 1
777 4109 900 4170 Grsecis
916 4109 1002 4170 illsto
1014 4078 1148 4170 barbiris
1163 4112 1219 4168 tri-

116 4189 201 4246 eoior
213 4188 291 4247 uitio
306 4194 476 4273 appelletur
492 4215 510 4254 s
524 4193 692 4254 Theodosio
708 4194 746 4255 ob
762 4195 883 4255 osedem
895 4215 1003 4278 nempe
1016 4215 1132 4273 smum,
1146 4213 1220 4276 puo-

113 4291 236 4347 rorum,
260 4293 296 4333 sc
313 4278 490 4356 molinum,
511 4297 586 4358 quos
600 4279 691 4340 modo
706 4280 892 4341 memoravit.

202 4359 272 4426 102.
294 4357 466 4448 Εἰσήγοντο
481 4368 542 4429 τάν
557 4362 748 4446 1111111111]
770 4365 805 4427 ln
822 4363 973 4447 excerptis
986 4363 1094 4427 Leonis
1109 4363 1221 4424 Disco·
