2984 4798
269 369 345 446 ⁵34
455 376 494 448 N.
514 377 563 448 hl
580 375 784 448 FOGGlNll
805 369 1152 443 ADNOTATIONES

269 537 407 619 Phygelo
420 537 552 607 veniens,
568 533 626 593 Ῐιοο
639 535 770 593 maxime
783 531 925 610 studuit,
946 535 1089 612 omnique
1101 553 1179 590 cura
1192 534 1298 591 enixus
1312 541 1370 607 ese,

271 635 307 682 ut
320 626 418 683 omnis
436 625 464 680 ei
485 621 596 678 elassis
610 641 671 680 ιιιτο
686 623 807 700 agmine
820 630 957 678 conserta
971 629 1060 694 esset,
1082 640 1121 676 ac
1134 618 1303 698 appelleret.

354 712 405 775 62.
430 700 591 786 Ούλιιμούς
613 699 860 788 πνργοδρύμονς]
883 705 965 766 Haec
992 704 1052 762 duo
1080 703 1204 763 nomina
1224 713 1373 782 tunquam

269 794 350 854 inter
365 812 396 853 se
412 791 555 852 distincta
576 789 780 870 explioabsm,
806 809 842 848 ae
856 784 1084 871 πνργοδρύμονς
1097 789 1135 847 de
1151 787 1288 846 turribus
1302 787 1373 845 illis

164 885 222 953 Col.
238 889 257 944 2
273 877 489 938 ambulatoriis
506 875 723 954 intelligebam,
745 895 819 954 quas
838 874 877 934 ad
896 873 1105 933 maturandam
1117 873 1245 933 turrium
1262 891 1375 952 expu-

268 964 438 1043 gnationem
453 961 534 1042 sp'ud
546 969 659 1022 veteres
672 961 783 1037 inmsu
799 967 892 1020 ersnt.
935 956 1104 1036 Hesychius
1124 977 1227 1018 vocem
1249 951 1376 1042 πύργος

268 1067 305 1110 eo
320 1049 408 1110 stiam
433 1066 523 1108 sensu
536 1047 760 1126 interpretatur,
781 1045 929 1106 scribens:
945 1039 1061 1126 πύργος
1073 1037 1302 1124 πολεμιστήριον
1313 1038 1376 1121 ’δρ-

268 1157 380 1216 γανον,
402 1133 541 1192 bellioum
562 1150 670 1211 nempe
694 1133 943 1205 instrumentum,
967 1127 1004 1188 de
1026 1147 1084 1206 quo
1107 1129 1202 1188 fusius
1217 1128 1378 1186 disserunt

269 1217 349 1279 Hero
364 1219 401 1276 de
413 1217 541 1276 Mechin.
554 1215 656 1274 Bellic.
674 1235 738 1294 cap.
753 1219 801 1282 18.
816 1224 847 1274 et
862 1212 1001 1292 Vegetius
1016 1213 1068 1273 lib.
1083 1213 1134 1274 lV.
1151 1233 1215 1291 esp.
1230 1215 1286 1288 17,
1315 1211 1375 1269 ubi

268 1301 425 1363 machinae
449 1299 539 1361 huius
565 1299 688 1360 bellicae
709 1301 798 1361 etiam
822 1297 980 1378 imaginem
1001 1295 1137 1370 vulgavit
1160 1294 1376 1359 Steuvechius.

270 1387 382 1446 Verum
399 1406 491 1465 quum
505 1379 636 1466 πύργος,
660 1385 763 1444 eodem
782 1385 945 1444 adnotante
957 1378 1124 1462 Hesychio,
1146 1381 1186 1442 sit
1199 1381 1270 1440 item
1285 1376 1377 1456 τάξις

227 1481 230 1489 '
270 1470 303 1534 ἓν
313 1464 486 1556 τετραγώνῳ
502 1468 643 1548 initeris,
652 1491 760 1551 egenen
772 1471 907 1530 militum
917 1465 1140 1548 quadrangula
1148 1469 1263 1545 forma,
1272 1485 1378 1545 coque

269 1575 358 1614 sensu
380 1555 564 1635 frequentius
585 1553 813 1635 ascriptoribus
828 1555 949 1614 Graecis
960 1561 1138 1633 usurpatum
1154 1559 1307 1626 occurrat,
1335 1551 1378 1610 de

269 1629 330 1700 lsoc
347 1639 414 1720 ipso
437 1639 553 1720 agmine
575 1639 709 1698 fortassis
729 1640 887 1719 loquutum
903 1637 1103 1698 Theodosium
1119 1635 1299 1695 censendum
1314 1646 1377 1697 cst.

269 1724 444 1786 Eustathius
464 1725 501 1784 ad
515 1723 567 1784 lib.
581 1723 631 1786 IV.
646 1723 730 1784 iliad.
745 1744 810 1806 psg.
829 1725 900 1792 469.
917 1723 987 1784 edis„
1001 1723 1084 1782 Ilom.
1100 1719 1258 1781 discrimen
1270 1719 1376 1797 all'ert,

270 1809 351 1888 quod
370 1809 574 1870 intercedebat
585 1809 663 1868 inter
678 1803 811 1890 ούλαμύς
831 1819 861 1869 et
886 1802 1017 1890 πύργος,
1039 1807 1137 1885 aitque
1161 1809 1294 1886 primum
1314 1827 1377 1884 eg-

267 1915 337 1955 men
351 1895 440 1954 l'uisse
455 1915 493 1954 ex
506 1895 559 1962 40.
576 1893 649 1954 viris
663 1913 728 1954 com
752 1904 869 1971 aetmu,
891 1893 1018 1953 alterum
1035 1909 1108 1952 vero
1126 1890 1269 1950 trecentis
1283 1911 1378 1950 sexa-

268 1980 353 2058 ginta
378 1979 452 2041 viris
482 1977 669 2040 constitisse:
701 1975 832 2060 ονλομδς
856 1973 889 2042 di
909 1971 992 2054 τάξις
1016 1976 1049 2040 te
1071 1971 1291 2058 τεσσαράκοντα
1311 1970 1377 2038 άν-

268 2065 371 2146 tone.
389 2107 396 2126 .
412 2109 422 2130 .
437 2107 445 2124 ·
461 2060 576 2147 πύργος
597 2061 630 2127 δὲ
646 2061 679 2125 ln
698 2065 878 2146 τριακοσίων
891 2062 944 2125 καὶ
957 2055 1119 2142 ἑξήκοντα·
1141 2057 1224 2136 τάξις
1239 2055 1317 2139 αὕτη
1329 2085 1377 2125 τε·

267 2149 491 2236 τραγανοειδοῖς
509 2145 714 2230 ποκνονμένη.
752 2143 888 2228 Ούλοιμδς
906 2150 988 2205 actes
1010 2155 1068 2222 est,
1092 2165 1146 2203 eeu
1155 2146 1271 2226 globus
1284 2149 1378 2206 νίν-ο·

267 2257 338 2294 rmn
351 2231 564 2317 quodraginta
583 2277 591 2294 .
605 2276 613 2294 .
627 2277 635 2296 .
650 2274 659 2293 .
672 2225 796 2315 Πύργος
811 2233 973 2296 νενααοίια
987 2233 1111 2308 turrita,
1132 2229 1378 2311 conquadrata,

267 2341 376 2400 agmen
393 2331 437 2378 est
452 2323 591 2379 virorum
604 2327 804 2378 trecentorum
818 2329 847 2378 et
865 2319 1042 2397 sexaginta:
1065 2319 1112 2375 ita
1137 2325 1174 2378 ut
1189 2315 1245 2375 leue
1259 2337 1379 2394 agmen

250 2404 493 2484 'quadrangula
509 2405 617 2481 forma
637 2405 879 2482 confirmitate,
901 2413 991 2483 atque
1013 2403 1226 2481 constipatum,
1268 2401 1377 2474 Quum
1477 2399 1478 2434 l

268 2498 368 2548 temen
390 2489 470 2547 idem
495 2487 632 2548 eruditus
648 2487 868 2547 Grammaticus
889 2486 1013 2563 subdat,
1036 2507 1098 2546 non
1118 2505 1234 2566 semper
1255 2505 1288 2543 eo
1305 2506 1377 2544 no-

268 2573 351 2632 mine
373 2571 446 2632 adeo
468 2571 617 2652 praecise,
640 2571 692 2630 ssd
710 2571 811 2631 latiori
837 2573 925 2632 etiam
944 2573 1034 2631 modo
1053 2573 1169 2651 saepius
1186 2569 1223 2628 sb
1237 2569 1377 2630 Homero

269 2655 400 2716 redhibita
413 2657 522 2732 fuisse,
543 2673 608 2716 non
621 2655 689 2716 ideo
704 2654 901 2736 improbanda
914 2665 960 2716 est
974 2655 1102 2716 Cornelii
1115 2655 1229 2731 versio,
1251 2655 1303 2734 qui
1321 2650 1377 2717 ον’.

267 2739 381 2823 λαμούς
397 2736 626 2824 πνργοδράμονς
643 2741 680 2799 de
697 2761 760 2800 uno
777 2742 941 2822 eodemque
956 2742 1070 2820 agmine
1085 2751 1130 2800 est
1144 2739 1373 2819 interpretatus.

268 2825 348 2887 Fieri
363 2825 443 2886 enim
457 2836 576 2908 potest,
597 2835 635 2886 ut
646 2824 831 2886 Theodosius
845 2847 921 2888 voce
935 2821 1163 2908 πυργοδρύμονς
1175 2821 1227 2882 hic
1243 2843 1317 2882 usne
1331 2825 1374 2883 sit
1430 2863 1439 2890 ,

268 2911 373 3056 eodpm
387 2932 494 2992 seusu,
520 2931 580 2992 quo
595 2907 751 2995 πνργηδδν
764 2909 846 2972 dixit
860 2911 1008 2973 Homerus
1021 2910 1106 2970 iliad
1121 2911 1174 2970 lib.
1191 2907 1260 2970 xit.
1272 2927 1302 2973 v.
1319 2909 1373 2974 ffl-

267 3017 326 3058 sen
348 3017 414 3059 enez

433 3079 475 3144 Oi
485 3078 519 3144 δέ
533 3101 564 3143 τε
578 3079 735 3166 πυργηδὸν
749 3081 844 3163 σφέας
856 3075 968 3155 αύτούς
982 3074 1164 3162 άρτύναντες

428 3159 538 3229 Ἀντὶοι
551 3165 694 3231 ἵστανται.

430 3251 479 3310 ffl
496 3261 596 3310 antem
611 3256 713 3314 instar
728 3253 822 3314 turris
838 3269 869 3309 ιτ
884 3251 969 3331 ipsos
984 3249 1198 3330 conglobantes

432 3335 566 3396 Adversi
579 3337 721 3413 stabant3
1477 3381 1478 3408 ,

269 3419 307 3479 ed
321 3439 396 3500 quae
409 3420 500 3482 verbs
514 3421 557 3482 ita
574 3425 698 3483 adnotat
711 3419 920 3503 praelaudatus
936 3415 1111 3479 Eustathius
1126 3435 1194 3498 pag.
1211 3419 1283 3484 892
1298 3415 1374 3478 edit.

269 3505 368 3565 llum:
395 3503 436 3570 To*
454 3503 486 3571 δὲ
500 3503 654 3588 πυργηδὸν
668 3500 851 3588 άρτύνιιντος
867 3499 935 3566 άντδ
949 3507 1006 3565 τού
1020 3503 1109 3582 δίκην
1127 3499 1246 3586 πύργον
1261 3495 1373 3565 συντά-

269 3591 387 3664 ξαντες·
409 3587 525 3675 πύργος
546 3589 579 3654 δὲ
601 3597 660 3655 νῦν
674 3590 787 3674 δῤῥὲθη
804 3583 938 3666 διάταξις
956 3584 1150 3669 στρατιωτική
1164 3607 1374 3672 τετραγωνοπ-

268 3669 342 3754 δής,
363 3671 440 3737 nord
470 3677 615 3740 πλίνθιον
636 3673 864 3760 συντεταγμένη.
906 3676 958 3734 Εα
980 3683 1084 3731 autem
1106 3672 1198 3733 verba
1218 3667 1374 3754 πνργηδδν

268 3751 449 3842 άρτύναντις
467 3761 567 3820 instar
589 3763 685 3822 tmrrsss
699 3760 865 3842 dispositos
878 3757 1078 3840 significent:
1099 3759 1196 3816 turris
1205 3777 1274 3816 νιοο
1287 3775 1374 3815 nsuso
1477 3835 1478 3840 η

268 3864 290 3900 a
306 3851 401 3924 putta
422 3841 508 3904 dieta
522 3855 566 3904 eet
579 3849 742 3908 instructio
764 3847 911 3906 militaris
930 3839 1155 3926 quadriformis
1170 3843 1260 3902 iuxta
1277 3841 1375 3900 διιὼν-
1477 3845 1478 3876 ³

268 3931 373 3988 culum
389 3929 551 4011 disposita·
812 3946 819 3955 ’

352 4015 405 4080 dd.
427 4009 622 4096 Ἠκονομένη]
644 4015 688 4076 lte
711 4016 743 4075 in
758 4015 868 4075 Codice
887 4011 1034 4094 scriptum
1055 4009 1166 4091 legitur
1181 4008 1372 4070 amenumsis

269 4097 446 4241 ospitsntis5
469 4099 522 4161 sed
543 4093 718 4182 ιγίτοτδγμένη
738 4099 895 4181 legendum
913 4117 992 4175 esse,
1013 4097 1089 4157 bene
1111 4095 1172 4156 ism
1195 4093 1274 4156 vidit
1293 4093 1373 4154 Cos·-

268 4201 305 4241 nc
318 4203 373 4246 rus.

351 4269 403 4335 66.
426 4263 506 4332 Ἐπεὶ
528 4265 562 4333 δὲ
579 4260 707 4347 πάντας]
727 4267 836 4326 Nullus
852 4285 890 4324 ex
905 4263 1045 4340 Graecis,
1068 4263 1169 4344 quiad
1184 4283 1240 4324 nos
1256 4281 1372 4344 perro-

269 4371 347 4428 nem,
370 4351 579 4436 scriptoribus,
601 4369 726 4435 precum
741 4349 884 4426 meminit,
907 4367 981 4431 quse
998 4348 1037 4408 sd
1049 4349 1142 4410 Deum
1157 4349 1270 4410 indias
1280 4347 1365 4409 Nios-
1477 4361 1478 4380 ν
