2994 4806
265 333 316 408 48
626 339 791 411 naonis
812 340 995 410 DIACONI

104 523 133 573 A.
147 521 180 572 Η.
193 503 421 592 6471σάμενος,
448 507 491 583 είς
512 507 548 574 τδ
569 501 805 592 βασιλικώτερον
828 501 937 571 ἑαυτὸν
957 498 1190 587 μετεσκεύασεν·
1214 503 1310 570 ἵππου
1327 529 1362 572 τε
1445 507 1446 510 ’

143 593 194 642 Μ·
210 593 229 644 ⁶
267 609 422 698 ἀγερώχου
435 617 497 674 τῶν
510 616 623 676 λευκῶν
637 609 761 691 ἐπιβάς,
789 605 940 694 φαλάροις
954 608 1179 692 κεκοσμημένον
1190 613 1363 690 βασιλικοῖς

269 717 321 780 καὶ
337 711 470 797 τάπησιν
493 709 669 799 ἀλουργοΐς,
698 711 750 778 διὰ
762 716 818 793 τῆς
835 717 954 794 χρυσῆς
970 707 1068 792 πύλης
1083 708 1273 794 εἰσήλαυνεν,
1300 705 1362 776 sini

269 816 383 892 παντὸς
395 821 451 880 τοῦ
464 811 564 898 δήμου
579 817 630 880 καὶ
645 819 707 878 τῶν
720 815 752 878 έν
766 813 841 878 τέλει
856 809 1058 898 κροτούμενός
1072 837 1104 876 τε
1118 815 1168 876 καὶ
1183 809 1363 898 γεραιρόμε-

268 944 331 995 νος.
361 915 575 1001 ἑκκαιδεκάτην
588 913 604 982 ὃ
619 914 803 1000 Αύγουστος
819 914 929 998 ήλαυνε
943 914 1015 998 μὴν,
1038 915 1086 978 ἐπὶ
1107 921 1163 998 τῆς
1184 915 1272 998 έκτης
1286 915 1389 978 bat-5

269 1047 355 1102 κτου,
373 1023 405 1086 έν
420 1026 464 1108 τῷ
474 1017 547 1108 ‘gae'
556 1019 623 1099 έτει,
640 1017 690 1084 ὅτε
699 1024 798 1082 ταῦτα
812 1015 985 1102 ἐπράττετο.
1014 1015 1083 1102 ἀρτι
1097 1019 1140 1096 δέ,
1151 1017 1212 1080 inei
1224 1015 1302 1104 πρὸς
1309 1016 1364 1081 τάν

240 1125 325 1195 1)τοῦ
338 1124 426 1188 θείου
439 1125 621 1208 περίπυστον
635 1121 728 1204 σηκδν
743 1121 928 1206 εῗσεςοοίτησε
935 1168 946 1200 ,
970 1121 1020 1183 καί
1034 1115 1094 1184 ἀπὸ
1116 1125 1172 1184 τοῦ
1185 1125 1247 1184 τῶν
1261 1119 1364 1206 ἱερέων

271 1223 476 1312 πληρώματος
490 1225 664 1308 ἀξιοχρέους
678 1223 769 1306 τιμὰς
780 1218 963 1302 ἀπεδέξατο,
980 1221 1057 1308 πρὸς
1072 1228 1127 1286 τοῦ
1143 1221 1199 1305 τὴν
1212 1245 1365 1307 πατριαρ-

181 1373 187 1380 a
268 1331 340 1412 χίαν
353 1325 516 1402 ίθύνοντος
530 1323 728 1392 Πολυεύκτου
743 1331 786 1413 τῷ
798 1330 946 1412 βασιλικῷ
963 1322 1128 1407 διαδήματι
1143 1325 1304 1410 στέφεται,
1331 1319 1366 1388 ἓν

272 1435 322 1494 καὶ
338 1428 542 1512 πεντηκοστὸν
561 1428 628 1504 έτος
641 1435 697 1512 τῆς
710 1425 826 1511 ἡλικίας
845 1423 988 1493 ἐλαύνων.
1023 1427 1080 1510 τήν
1094 1427 1128 1492 δέ
1147 1422 1410 1492 illamentatus

269 1557 319 1608 τις
329 1525 385 1615 siv·
404 1531 477 1614 ὄψις
493 1531 577 1619 αύτῷ
590 1531 667 1618 πρὸς
680 1531 715 1596 τὸ
729 1531 826 1614 μέλαν
841 1531 932 1594 πλέον
947 1528 966 1612 ἢ
983 1529 1133 1594 τδλευκδν
1147 1528 1364 1610 ἀποκλίνουσα,

273 1632 353 1718 κόμη
369 1635 403 1698 δέ
415 1641 532 1718 βαθεῖα
547 1637 597 1698 καὶ
612 1639 726 1718 κυανῆ·
754 1633 915 1720 ὀφθαλμοί
928 1633 1065 1714 μέλανες,
1095 1633 1143 1694 ἐπὶ
1158 1633 1299 1706 συννοίας
1312 1657 1368 1694 πε-

274 1723 487 1824 φροντικότες,
517 1739 653 1813 δασείαις
678 1745 746 1811 ταῖς
769 1734 899 1823 ὀφρύσιν
918 1730 1166 1818 ὑποκαθήμενοι·
1201 1732 1248 1820 ῥίς
1266 1733 1370 1816 μέσως

132 1927 134 1930 Ι
275 1840 388 1924 ἔχουσα
408 1835 592 1924 λεπτότητος
614 1842 665 1904 καί
685 1835 875 1922 παχύτητος,
903 1837 1002 1924 ήρίμα
1018 1830 1278 1924 συμπεραινομίνη
1293 1861 1370 1922 γρυ-

179 1953 211 2008 Ρ.
223 1957 258 2012 30
275 1941 400 2026 πάτητι·
427 1939 526 2026 ἀπήνη
548 1941 738 2028 σύμμετρος,
768 1940 879 2027 ἀραιάν
895 1941 979 2027 παρὰ
1001 1939 1057 2016 τάς
1073 1937 1210 2024 γνάθους
1228 1945 1368 2024 προβαλ-
1379 1949 1414 2004 1⁵

274 2045 386 2128 λομένη
403 2045 459 2127 τὴν
472 2043 598 2110 πολιάν·
626 2043 770 2130 ἀγκυλεδς
783 2043 839 2127 τὴν
853 2040 972 2126 ἡλικίαν
983 2045 1033 2107 καὶ
1049 2042 1195 2130 στιβαρδς
1202 2091 1211 2122 ,
1239 2039 1370 2128 εὐρύτα-

276 2174 329 2224 τος
343 2147 378 2213 τδ
395 2149 520 2233 στέρνον
535 2151 586 2213 καὶ
606 2147 709 2230 ὤμους
729 2142 770 2220 ἀς
784 2143 936 2229 μάλιστα,
963 2145 1021 2230 τήν
1036 2148 1140 2228 μέντοι
1161 2145 1303 2230 ἀνδρείαν
1319 2147 1372 2210 καλ

276 2249 383 2339 ῥώμην
397 2250 476 2315 κατδ
491 2248 782 2337 τδνθρυλλούμενον
792 2246 947 2336 Ἡρακλῆν
958 2246 1121 2336 ’φρονήσει
1135 2250 1168 2314 δὲ
1181 2250 1232 2312 καὶ
1244 2273 1371 2335 σωφρο-

277 2351 354 2441 σύνη
369 2357 419 2418 καὶ
435 2360 479 2440 τῷ
495 2355 530 2418 τὸ
546 2355 616 2420 δέον
631 2353 844 2440 ἀνεπισφαλῶς
859 2349 1103 2440 ἐπιφράσασθαι,
1127 2349 1250 2416 πάντων
1260 2377 1372 2416 κατευ-

276 2459 397 2541 μεγέθει
419 2463 482 2520 τῶν
503 2456 575 2522 κατ’
592 2458 704 2520 ἐκείνου
722 2455 777 2520 τίν
793 2455 895 2539 γενεάν
914 2457 1115 2540 γεγενημένοιν
1135 2454 1263 2539 ἀνδρῶν.
1299 2463 1419 2518 ται-’90

278 2561 401 2634 νιωθείς
421 2550 475 2622 oia
496 2565 540 2646 τῷ
562 2559 707 2645 βασιλείῳ
724 2558 826 2644 στέφει
846 2560 893 2622 inl
915 2558 971 2642 τήν
985 2561 1139 2640 βασιλειαν
1155 2555 1250 2640 αὐλήν
1262 2553 1371 2637 ἀνεισι,

111 2675 165 2729 Fal.
182 2673 235 2729 285
245 2689 272 2726 v.
282 2661 367 2750 παρά
383 2666 438 2725 τοῦ
451 2658 595 2745 πλήθους
607 2663 657 2726 καὶ
671 2667 733 2726 τῶν
748 2662 780 2725 ἓν
791 2661 867 2726 τέλει
881 2657 1148 2748 δορυφορούμενος
1152 2709 1163 2740 ,
1187 2661 1241 2732 ,καί
1257 2658 1295 2743 δή
1309 2685 1374 2724 πα-

276 2762 399 2852 ρελθὼν
412 2764 460 2828 int
467 2761 585 2850 θρόνον
600 2760 725 2830 έκάθισε
738 2763 793 2828 τδν
804 2760 972 2846 βασιλικόν.
993 2756 1032 2846 ήν
1048 2755 1103 2828 οάν
1118 2761 1194 2852 ὃρᾷν
1207 2761 1264 2846 τήν
1276 2759 1374 2846 τύχην

252 2867 521 2958 Βένοιραϊζομένην
529 2866 821 2954 καίέπιγαινυμένην
832 2877 896 2944 τοῖς
907 2867 1107 2949 τελουμένοις,
1120 2867 1171 2931 καὶ
1184 2862 1286 2930 πάντα
1298 2861 1374 2930 iav-

311 3027 313 3038 '
348 3034 390 3092 1³.
414 3027 497 3101 μέσος
514 3029 571 3085 cod.
642 3035 684 3090 16.
710 3026 851 3102 α’γκυλεύς.
885 3029 932 3084 Sic
951 3029 1041 3084 codex.
1107 3033 1149 3089 19.
1165 3029 1217 3102 τῷ]
1229 3030 1283 3084 τού
1299 3027 1357 3082 eoa.

278 3171 435 3225 maiestatem
447 3168 528 3238 magis
540 3169 695 3238 composuit:
713 3169 810 3222 insesso
822 3186 889 3238 equo
906 3167 999 3232 alacri,
1016 3165 1141 3232 candido,
1157 3165 1270 3236 phaleris
1292 3167 1378 3237 impe-

277 3241 382 3295 ratoriis
394 3249 420 3292 ta
440 3240 538 3308 etisque
553 3239 688 3307 purpureis
706 3247 812 3302 ornato,
836 3255 884 3308 per
896 3254 997 3289 auream
1012 3245 1110 3306 portem
1126 3237 1245 3289 invectus
1265 3241 1318 3297 ειυς
1342 3235 1378 3287 ab

278 3311 347 3362 omni
359 3257 453 3379 populo
467 3307 712 3390 magistratibusque
720 3325 775 3360 cum
785 3309 876 3378 plausu
889 3306 1029 3359 honorilice
1041 3314 1167 3426 receptus.
1197 3305 1307 3372 Augusti
1320 3302 1378 3356 diss

279 3379 392 3431 declinus
407 3385 496 3430 sertus
510 3377 651 3444 agebatur,
668 3377 808 3430 rndictione
826 3381 913 3438 sexta,
937 3393 1003 3428 enno
1017 3374 1095 3428 sexrni
1105 3375 1192 3427 lesimc
1204 3373 1378 3442 quadringen-

278 3447 368 3500 tesimo
380 3447 589 3528 septuagesimo,
607 3462 662 3498 cum
673 3446 737 3498 haec
747 3449 906 3515 gererentur.
941 3443 1050 3508 Deinde,
1068 3443 1111 3495 ubi
1124 3441 1313 3495 celeberrimum
1325 3439 1379 3493 Dei

277 3515 399 3584 templum
411 3531 541 3582 nagressus
552 3532 568 3567 a
581 3515 741 3567 sacerdotum
753 3532 860 3584 corpore
874 3513 975 3565 debitos
989 3513 1098 3564 honores
1111 3517 1275 3593 susceperat,
1293 3525 1310 3561 a
1324 3509 1379 3562 Pe-

275 3583 394 3653 lyeueto,
412 3583 577 3650 patriarchae
592 3600 680 3635 munus
691 3585 816 3647 obeunte,
832 3581 960 3652 imperiali
975 3598 1070 3634 corana
1084 3587 1161 3650 ceput
1173 3580 1300 3648 cingitur,
1318 3595 1378 3632 cum

276 3669 354 3704 unum
375 3668 454 3720 supra
473 3651 708 3732 quinquagesimum
728 3652 820 3704 aetatis
837 3667 928 3704 annum
955 3657 1054 3720 ageret.
1097 3649 1190 3718 Specie
1219 3654 1303 3700 autam
1320 3653 1380 3700 erat

277 3719 401 3772 eiusmodi
412 3721 483 3772 lere:
502 3719 583 3772 sacres
596 3721 630 3772 sd
643 3721 744 3788 nigrum
751 3721 832 3790 magis
845 3737 921 3789 quam
934 3718 968 3772 ad
981 3719 1114 3771 cmdidum
1127 3719 1236 3770 colorem
1250 3733 1379 3785 verganss

278 3807 351 3842 coma
361 3787 493 3858 promissa,
511 3794 584 3840 atra:
600 3789 668 3841 oculi
675 3789 754 3858 nigri,
772 3791 841 3842 velut
848 3789 1004 3858 cogitatione
1018 3794 1177 3857 satagentes,
1188 3785 1278 3855 spissis
1285 3801 1380 3854 supas·

279 3857 344 3910 ciliis
361 3855 483 3910 subiecti:
501 3873 578 3910 nasus
593 3856 662 3910 inter
682 3857 832 3911 tenuitatem
854 3867 881 3911 et
900 3856 1095 3909 cramitudinem
1114 3855 1229 3922 manlius,
1253 3855 1379 3936 paulatim

277 3927 406 3979 transiens
427 3927 453 3978 in
473 3925 657 3980 aduncitetsms
679 3927 762 3979 barba
779 3924 862 3992 iusta,
885 3927 952 3978 raris
969 3925 1039 3978 circa
1056 3925 1136 3978 malas
1156 3923 1279 3994 proiectas
1291 3923 1379 3976 cassisa

278 4003 378 4049 statura
391 3994 502 4047 rotunda
514 4011 544 4046 ac
558 3995 639 4060 firma,
656 4002 747 4066 peetus
761 4003 788 4048 et
801 3995 898 4048 humeri
905 3995 1020 4064 apprime
1034 3995 1097 4058 lata,
1115 3994 1198 4046 visae
1211 3993 1290 4045 robur
1304 3993 1380 4044 iuxta

278 4065 433 4116 celebratum
453 4063 604 4116 Herculem:
629 4065 766 4133 prudentia
782 4083 861 4129 vero,
885 4072 913 4118 et
933 4063 1116 4133 temperantia,
1140 4069 1167 4114 et
1184 4059 1380 4131 opportunitate

277 4131 403 4202 singulari
423 4133 598 4198 consiliorum,
616 4132 685 4186 inter
705 4151 790 4186 omnes
803 4135 953 4203 praestabat
973 4150 1019 4186 sua
1037 4137 1190 4202 terapestets
1207 4137 1281 4182 natos
1299 4130 1379 4184 viros.

276 4199 319 4253 Ita
332 4201 463 4254 redimitus
479 4202 645 4271 ¹imperatoria
657 4219 752 4255 corona
768 4203 796 4255 in
809 4211 944 4272 augustum
965 4200 1086 4271 palatium
1102 4199 1233 4264 ascendit,
1256 4197 1378 4268 apopulc

277 4269 471 4340 magistratibus
489 4288 522 4323 ue
540 4273 669 4342 stipatus,
686 4271 870 4342 ingressusque
891 4271 918 4324 in
936 4271 1020 4340 regali
1040 4269 1139 4322 assedit
1154 4268 1226 4324 solio.
1269 4267 1380 4320 Licebat

277 4347 339 4393 tunc
351 4339 456 4406 ridere,
472 4289 617 4406 lartunam,
633 4341 787 4412 gestientem
799 4351 878 4412 atque
896 4341 1068 4396 exssltuntem
1081 4339 1123 4394 bia
1140 4335 1255 4402 evenus,
1272 4343 1380 4392 meus
