2956 4800
530 351 790 424 PRAEFATIO.
1120 359 1219 410 mu

131 509 190 592 quis
203 519 255 571 aut
266 509 358 572 nimia
371 511 499 575 Romani
512 511 659 572 ammonis
674 509 823 590 religione
836 509 955 571 silentio
970 507 1146 590 praeterire,
1169 519 1221 572 aut

128 635 176 696 per
189 613 392 674 circuitionem
407 615 559 695 explicare
572 598 724 692 uoluerit,
746 633 802 673 nae
819 611 872 672 ille
885 611 961 672 milri
975 613 1167 692 imprudens,
1189 621 1221 674 et

129 716 204 776 arius
221 717 369 776 sententia
389 717 514 778 minime
531 717 673 776 standum
693 718 750 794 sit,
770 715 893 776 videtur
907 714 1099 776 iudicandus.
1141 715 1220 776 Ver-

128 819 196 878 sioni
210 819 318 879 Leonis
335 816 376 876 ad
393 819 557 898 marginem
573 817 917 898 exterioremlectionea
939 818 1058 878 Codicis
1076 828 1148 879 suut
1166 841 1223 901 ap-

126 921 240 1002 positae,
262 920 359 984 sicubi
374 941 490 1000 vocem,
507 943 523 980 a
539 923 670 984 librariis
684 921 842 982 manifesto
859 931 1042 1001 corruptam,
1056 921 1089 980 in
1105 929 1224 984 textum

126 1023 224 1103 recepi.
251 1023 313 1082 Ubi
326 1022 474 1084 dubitatio
491 1025 622 1104 suberat,
641 1026 801 1086 lectionem
816 1021 934 1082 Codicis
944 1023 977 1082 in
991 1032 1079 1086 texta
1093 1023 1223 1102 servavi,

126 1126 325 1186 coniecturam
342 1147 439 1186 meam
457 1127 554 1188 adieci
568 1129 602 1188 in
620 1149 690 1206 ora,
712 1127 738 1188 si
755 1125 846 1188 valde
863 1125 1067 1207 probabilem,
1088 1127 1224 1208 praefixa

126 1227 217 1288 littera
239 1229 262 1288 l.
282 1227 344 1288 hoc
356 1239 401 1288 est
413 1229 488 1308 lege,
504 1229 559 1318 xsiu
576 1230 686 1308 minus,
706 1227 840 1312 praefixa
853 1229 1033 1307 fisortasse
1048 1228 1128 1312 (nam
1138 1231 1225 1308 forte

125 1331 261 1410 siquando
277 1331 463 1411 impressum
484 1341 546 1410 est,
567 1331 602 1393 id
625 1351 736 1412 aequus
757 1331 856 1392 lector
870 1331 1045 1392 oscitantiae
1062 1351 1224 1413 operarum
1321 1327 1322 1330 '

101 1455 104 1465 ’
125 1431 267 1515 ascribat).
292 1433 330 1493 ln
342 1454 458 1493 summa
471 1433 505 1494 id
521 1435 577 1513 egi,
590 1444 627 1494 ut
643 1435 681 1495 de
695 1435 916 1516 suspicionibus
929 1435 1012 1514 meis,
1027 1417 1118 1516 quani
1130 1443 1224 1516 quae·

125 1553 180 1614 que,
197 1535 365 1616 probibitio
386 1535 427 1596 sit
450 1535 515 1598 sive
538 1557 634 1616 vana,
666 1523 757 1621 penei
781 1539 926 1602 lectorem
951 1539 1101 1602 iudicium
1127 1540 1224 1601 relin-

125 1647 267 1717 quaem.

200 1808 284 1872 XlII.
314 1791 471 1892 Superest,
494 1820 530 1872 ut
546 1811 584 1872 de
599 1811 739 1872 instituto
754 1785 957 1870 adnotationis
975 1828 1074 1886 meae,
1095 1810 1224 1870 maxime

125 1911 158 1972 ad
170 1913 317 1992 Leonem,
340 1914 367 1973 ai
389 1915 443 1996 qui
458 1927 596 1996 vagatsun
608 1935 657 1974 me
676 1913 762 1974 iniis
780 1913 870 1973 latius
886 1921 975 1992 atque
990 1910 1147 1972 deflexisse
1159 1933 1225 1972 sae-

124 2035 281 2096 penumero
307 2016 346 2076 de
365 2018 416 2079 via
437 2027 564 2098 putent,
587 2017 669 2099 apud
686 2016 904 2076 existimatores
925 2013 1034 2074 harum
1052 2035 1154 2075 rerum
1173 2015 1227 2073 in-

126 2117 287 2198 telligentes
306 2128 335 2178 et
349 2140 461 2201 aequos
479 2119 585 2201 paucis
601 2141 648 2180 me
661 2139 796 2202 purgem.
838 2119 957 2180 Etenim
972 2117 1109 2177 intellexi
1125 2117 1225 2198 tripli.
1241 2123 1274 2178 P.
1290 2125 1358 2178 xvu

128 2220 193 2281 citer
205 2221 276 2282 fieri
292 2241 397 2302 posse,
419 2231 457 2282 ut
471 2221 594 2282 editoris
614 2223 648 2282 in
664 2243 754 2304 opere
771 2221 945 2302 exequendo
962 2219 1106 2299 sedulitas
1125 2221 1230 2279 fauto-

125 2335 374 2388 rumnostrorum
385 2325 611 2386 benevolentiae
624 2325 812 2405 aliquatenus
829 2322 1034 2404 responderet.
1075 2322 1144 2382 Uno
1163 2341 1227 2382 mo·

127 2425 174 2504 do,
193 2427 219 2488 ei
231 2427 398 2510 scriptores
410 2427 505 2509 ipsos,
528 2429 633 2509 quales
644 2428 679 2488 in
695 2427 876 2488 membranis
895 2424 1101 2496 offendissem,
1122 2423 1227 2484 subla-

126 2529 160 2589 tis
182 2539 305 2593 tantum
323 2531 491 2592 manifestis
513 2529 647 2608 mendis,
670 2529 772 2590 addita
791 2529 899 2590 Latina
922 2527 1076 2612 versione,
1098 2526 1226 2588 arbitrio

127 2635 311 2696 eruditorum
332 2635 561 2716 permitterem.¹
599 2634 731 2711 Deinde,
762 2654 830 2693 cum
854 2631 985 2713 plurima
1009 2639 1107 2690 essent
1129 2649 1228 2710 nuper

127 2734 156 2794 in
168 2716 358 2798 liiiliotheca
375 2737 483 2818 Regia,
505 2737 601 2800 mrdta
616 2737 768 2818 supersint
785 2735 824 2794 ad
837 2734 916 2794 hauc
934 2732 1030 2808 diem,
1052 2732 1151 2793 adres
1165 2733 1228 2813 uy-

128 2841 254 2901 aantinas
280 2841 504 2920 quodammodo
524 2841 728 2922 pertinentia,
757 2858 854 2918 neque
877 2835 957 2896 edita
980 2835 1098 2915 adhuc,
1130 2855 1227 2916 neque

128 2959 250 3023 anquam
278 2944 389 3025 opinor
414 2941 463 3026 (ut
485 2963 568 3003 nane
589 2953 661 3002 sunt
681 2938 831 3023 tempora)
855 2939 971 3018 integra
993 2937 1093 2999 lucem
1114 2935 1226 3019 risum,

128 3041 204 3105 Vitae
218 3049 421 3124 Sanctorum,
446 3045 588 3127 epistolae
603 3048 730 3107 fratrum
747 3032 937 3119 devotorum,
960 3041 1146 3113 antistitum,
1168 3061 1227 3122 pa-

127 3146 340 3227 triarcharum,
362 3158 508 3209 tractatus
524 3149 700 3228 dogmatici,
723 3146 863 3222 ascetici,
888 3144 1030 3226 polemici
1041 3149 1149 3222 magno
1165 3163 1227 3203 nu·-

128 3265 218 3330 mero,
241 3253 366 3311 annales
380 3248 499 3332 quoque
516 3251 641 3328 inediti,
662 3251 853 3332 persalutare
869 3269 902 3308 ea
918 3247 1049 3306 studiose
1065 3257 1154 3325 atque
1170 3266 1228 3306 ex-

130 3369 241 3432 cerpere
261 3353 350 3435 coepi
368 3353 514 3433 quicquid
531 3355 629 3414 lucem
650 3354 757 3415 afferre
778 3361 898 3434 poterat
915 3349 1001 3408 annis
1018 3323 1158 3426 sedecim‘,
1176 3347 1229 3428 qui

130 3467 253 3518 amorte
274 3458 462 3518 Constantini
478 3457 541 3520 Vll.
562 3457 841 3539 Porphyroganetaie
861 3454 935 3536 (xv.
954 3453 1115 3514 Novembr.
1133 3447 1228 3534 959.)

91 3621 93 3630 Ι
132 3555 165 3614 ad
181 3559 377 3638 Trimiscem,
404 3581 436 3621 x.
465 3560 583 3624 larium.
604 3567 677 3628 976.
698 3581 814 3622 veneno
837 3557 1003 3633 sublatum,
1032 3555 1228 3634 effluxerunt,

132 3677 314 3741 quorumque
332 3663 506 3724 memoriam
527 3665 587 3723 Leo
604 3665 780 3746 complexus
800 3671 854 3723 est.
897 3659 956 3719 Ubi
978 3679 1044 3720 cum
1066 3659 1230 3740 praecipue
1293 3693 1296 3699 ·

131 3761 192 3819 usui
206 3763 281 3822 milri
295 3765 408 3824 suerint
421 3764 563 3826 historiae
578 3767 669 3839 duae,
691 3767 783 3826 altera
798 3762 944 3824 Simeonis
957 3762 1138 3840 Logothetae
1152 3761 1229 3844 (vid.

132 3858 239 3928 llarles.
258 3867 335 3927 llibl.
353 3867 405 3930 Gr.
419 3869 485 3929 Vll.
504 3869 576 3935 685.
597 3867 648 3950 l),
671 3869 765 3930 altera
782 3868 853 3928 Iulii
874 3867 1008 3928 Pollucis
1032 3863 1090 3948 (de¹
1099 3885 1156 3945 qua
1171 3865 1230 3923 in·-
1355 3937 1357 3945 .

132 3963 172 4022 fri
191 3973 259 4034 179.
277 3964 344 4048 B.),
370 3967 422 4029 hic
442 3971 541 4030 iacere
560 3991 624 4030 uon
644 3992 784 4051 possum,
814 3969 887 4049 quin
905 3968 1084 4029 Italicorum
1104 3985 1226 4048 quoque
1269 4007 1278 4014 -

135 4067 311 4128 auditorum
330 4068 363 4129 in
379 4071 594 4148 marimum,
618 4083 709 4151 qaam
733 4071 878 4152 singulari
901 4070 1003 4130 officio
1019 4071 1133 4144 luerit,
1157 4091 1228 4149 grab

134 4173 177 4226 ius
190 4190 426 4235 commemorem.
460 4175 536 4235 Nam
551 4177 709 4256 repentino
726 4177 797 4236 anni
812 4172 904 4242 1815.
918 4183 1063 4255 ternpore,
1087 4194 1157 4234 cum
1169 4183 1229 4233 sta-

135 4275 212 4352 tuae,
232 4275 368 4354 tabulae,
398 4275 515 4358 reliqua
533 4278 692 4342 civitatum
711 4288 887 4341 ornamenta
906 4278 1035 4340 Parisios
1057 4276 1131 4338 olim
1152 4296 1229 4337 coa·
