3038 4796
245 379 307 446 DE
329 375 483 446 EXPED'.
504 371 592 443 SYts
612 372 697 442 NIC.
717 371 845 440 PHOC.
864 371 924 440 ET
945 371 1144 442 IO..TZlM.
1187 364 1262 439 39³

168 537 219 621 lis)
227 585 237 615 ,
257 533 448 597 scribendum
462 551 524 594 esse
538 531 576 592 sd
590 531 799 613 imperatorem
811 539 841 592 et
859 531 965 592 ducem
979 531 1149 612 copiarum,
1172 541 1205 592 ut
1220 532 1265 612 bi,

170 640 207 700 de
224 658 258 698 re
274 637 415 713 certiores
429 636 514 712 facti,
535 636 624 696 rebus
639 634 702 692 suis
717 635 915 695 consulerent.
958 636 1011 693 Sin
1027 642 1123 693 autem
1138 637 1264 716 expedi-

169 739 283 800 tionem
297 739 453 798 interram
468 735 782 798 blubammedenorum
795 736 945 818 suscipere
954 735 988 794 in
1009 735 1107 816 enimc
1121 735 1265 800 baberent

168 839 334 922 imperator
349 848 378 898 et
397 840 458 900 dux
478 839 631 920 copiarum
646 842 864 917 Romanorum,
887 837 1003 898 obuiam
1023 838 1153 900 eundum
1172 861 1265 900 esses

169 943 320 1023 Bscdjuro
333 939 472 1022 usquead
486 941 596 1020 locum,
606 943 659 1004 ubi
671 943 849 1024 imperatum
864 942 891 1002 ei
906 943 1027 1018 fuisset3
1042 942 1267 1023 atqueBacdju-

169 1066 206 1105 ro
227 1045 394 1104 Romanum
416 1063 471 1123 per
492 1043 636 1104 ditionem
653 1045 737 1125 pacis
752 1045 921 1115 comitante,
943 1066 1006 1106 non
1020 1043 1191 1122 fugiendum
1204 1061 1267 1104 essu

171 1147 208 1206 sb
224 1146 332 1206 incolis
349 1147 504 1224 uicorum,
528 1147 622 1205 itaut
642 1155 752 1206 emeret
774 1147 922 1206 exercitus
935 1149 1088 1207 Romanus
1111 1165 1170 1225 quo
1192 1163 1268 1226 opus

118 1219 154 1328 J
171 1247 199 1310 ei
211 1257 300 1324 esset,
321 1258 440 1329 praeter
452 1257 661 1326 stramentum,
684 1242 765 1328 quod
789 1268 844 1330 pro
860 1269 943 1308 more
955 1247 1062 1308 bellico
1083 1247 1167 1308 nulla
1180 1247 1267 1306 solu-

170 1349 251 1410 tione
265 1351 342 1410 secta
356 1351 606 1432 suppeditandum
627 1359 722 1428 esset;
745 1371 762 1408 s
782 1349 858 1410 duce
872 1337 1189 1411 bluhammedsnorum
1211 1369 1267 1408 us-

171 1473 229 1532 que
244 1454 282 1512 ad
297 1453 371 1513 fines
386 1453 505 1514 obviem
518 1475 580 1514 esse
599 1453 731 1514 eundum
746 1454 839 1533 copiis
853 1453 1010 1532 Romanis,
1031 1462 1067 1514 ut
1088 1452 1129 1512 eis
1148 1459 1267 1533 praesto

170 1564 261 1622 essets
284 1575 359 1634 quae
374 1576 467 1636 quum
481 1566 566 1616 extra
587 1555 662 1616 fines
676 1575 808 1634 egressae
829 1564 941 1631 essent,
960 1553 1079 1616 licitum
1092 1553 1266 1616 esseEmiro

170 1655 203 1715 in
219 1655 362 1717 ditionem
376 1679 459 1719 suam
475 1659 592 1719 reverti.
628 1659 660 1717 Si
677 1655 895 1740 expeditionem
910 1657 1042 1716 facerent
1053 1656 1179 1716 Romani
1191 1677 1268 1715 con-

168 1767 218 1819 tre
236 1769 346 1818 sectam
365 1759 401 1819 sb
424 1759 532 1820 Islamo
559 1760 721 1840 diversam,
753 1759 992 1840 coniungendum
1018 1778 1079 1818 esse
1102 1753 1266 1819 exereitum

171 1859 264 1921 Emiri
278 1883 346 1922 cum
358 1863 493 1923 Romano
509 1871 538 1922 et
554 1864 729 1930 consociatis
746 1863 835 1924 umis
851 1859 1062 1939 dimicandum,
1083 1871 1152 1922 utut
1169 1861 1266 1922 iussus

170 1963 263 2024 luerit
284 1965 411 2026 Emirus.
462 1965 495 2024 si
522 1965 620 2045 quivis
642 1987 680 2026 ex
702 1965 853 2026 Muslemis
874 1949 1047 2042 religionem
1060 1962 1267 2040 ¹Christianum

171 2067 325 2146 amplexus
339 2068 457 2144 fuisset,
476 2067 522 2128 nil
536 2077 640 2128 contra
653 2087 721 2128 eum
734 2067 909 2148 permissum
922 2053 983 2126 esse
991 2065 1149 2142 diademis,
1170 2086 1266 2146 neque

171 2165 346 2254 Christianis
363 2171 541 2250 permissum
555 2191 618 2230 esse
631 2171 705 2250 quid
724 2178 828 2230 eontra
843 2167 1006 2248 quemlibet
1021 2166 1266 2247 Christianorum,

172 2269 223 2350 qui
236 2269 270 2329 in
285 2271 487 2332 Muslemicam
498 2273 649 2334 usnsierit
662 2283 781 2351 sectam.
824 2271 856 2329 Si
873 2289 992 2348 servus,
1015 2267 1201 2330 Christianus
1215 2291 1268 2333 seu

170 2371 377 2452 Muslemicus,
399 2373 449 2436 vir
468 2375 531 2436 sive
548 2377 694 2453 foemina,
718 2375 752 2436 in
767 2395 831 2435 eam
853 2393 940 2454 quam
960 2371 1148 2434 definivimus
1167 2373 1268 2456 regio-

169 2495 240 2534 nem
258 2496 296 2535 ex
310 2477 366 2536 ulia
383 2473 562 2558 aufugisset,
583 2475 664 2538 baud
679 2476 837 2538 celandum
851 2496 913 2538 esse
929 2475 1124 2554 abluslemis,
1144 2477 1194 2538 sed
1215 2477 1268 2538 in-

171 2576 349 2656 dicandum3
370 2589 437 2640 rum
462 2579 640 2640 solvendum
656 2599 748 2639 esses
770 2579 892 2639 domino
911 2579 1039 2658 pretium
1056 2582 1103 2666 ,36
1126 2579 1268 2640 denario-

171 2699 241 2738 rum
256 2701 311 2760 pro
328 2701 379 2760 eo,
401 2681 426 2741 si
438 2682 490 2742 vir
502 2691 591 2762 esset,
612 2703 669 2764 pro
684 2682 811 2743 foemina
822 2687 863 2750 20
879 2681 1016 2742 denarios
1031 2683 1191 2759 Romanos,
1209 2701 1268 2762 pro
1386 2707 1391 2716 ·

171 2799 265 2862 puero
288 2783 353 2843 eive
374 2785 473 2863 puella
500 2789 540 2851 16
547 2807 555 2863 ;
578 2785 744 2844 sinautem
767 2805 829 2846 non
851 2783 1015 2866 possideret
1029 2781 1193 2866 (domiuus)
1208 2803 1268 2864 quo

172 2883 300 2945 solveret
313 2886 441 2965 pretium
454 2885 654 2965 liberationis,
676 2909 693 2946 s
706 2887 827 2948 domino
840 2885 1000 2946 solvendos
1012 2906 1074 2946 esse
1099 2895 1159 2948 tres
1173 2886 1268 2944 dena-

170 2987 249 3061 rios,
272 2976 380 3067 quibus
397 2987 434 3046 ab
446 2989 547 3048 Emiro
571 2989 718 3070 acceptis,
738 2989 960 3050 restituendum
982 3008 1045 3048 esse
1064 3008 1193 3050 servum.
1235 2987 1267 3048 Si

170 3091 340 3171 baptisatus
353 3099 445 3168 esset,
467 3091 520 3170 qui
536 3091 713 3171 aufugisset,
735 3090 819 3151 haud
829 3090 921 3151 licere
931 3089 1082 3150 Muslemis
1105 3109 1172 3149 euru
1190 3089 1267 3148 reti·

170 3213 251 3271 uere,
266 3193 319 3254 sed
332 3193 523 3274 pendendum
537 3213 600 3254 esse
614 3194 716 3253 Emiro
732 3193 893 3271 adomino,
907 3193 988 3273 quod
1003 3191 1150 3252 sancitum
1165 3189 1266 3266 suerit,

104 3325 105 3328 ¹
171 3315 232 3375 quo
243 3297 340 3372 facto,
360 3295 580 3355 restituendum
597 3315 659 3356 esse
670 3315 801 3359 servum.
830 3293 862 3357 si
876 3295 999 3375 quidex
1012 3293 1127 3355 ditione
1135 3293 1268 3352 Romans
1347 3355 1354 3358 ,

172 3399 220 3458 sur
233 3397 382 3478 rapuisset
395 3407 426 3458 et
439 3399 509 3477 fuga
532 3419 564 3458 se
578 3397 794 3474 subtraxisset,
819 3397 999 3460 mittendum
1022 3415 1085 3458 esse
1106 3395 1142 3455 ob
1164 3393 1268 3454 Emiro

172 3499 328 3562 adducens
341 3499 489 3559 exercitus
501 3500 639 3572 Romani,
661 3508 696 3560 ut
707 3520 817 3579 poenos
832 3501 937 3564 lueret.
967 3500 1000 3560 si
1011 3500 1161 3560 Romanus
1174 3495 1269 3576 regio.

171 3623 224 3662 nes
240 3601 426 3662 Muslemicss
438 3600 590 3679 visitaret,
611 3600 695 3661 baud
708 3601 931 3682 impediendum
947 3621 1041 3660 esses
1060 3599 1180 3680 negotio
1205 3621 1269 3663 suo.

171 3706 204 3764 Si
221 3705 393 3786 speculator
407 3723 445 3762 ex
462 3704 576 3764 ditione
587 3703 759 3764 Muslemica
772 3705 934 3764 Romanum
953 3703 1068 3764 intrare
1086 3703 1194 3780 vellet,
1217 3723 1271 3763 nr-

170 3806 341 3888 ripiendum
361 3825 424 3866 esse
447 3805 527 3866 etin
546 3803 668 3867 vincula
693 3805 921 3866 coniiciendum.
963 3805 1050 3866 Haud
1075 3803 1270 3866 excidendam

171 3929 234 3970 esse
247 3907 422 3970 aMuslemis
438 3929 547 3984 urcem,
568 3927 626 3969 neo
635 3929 747 3968 novam
756 3907 965 3970 exstruendam
973 3929 983 3985 3
1005 3907 1088 3990 quod
1100 3917 1200 3968 autem
1214 3928 1270 3969 ex-

171 4013 266 4072 cisum
280 4013 400 4088 suisset,
422 4012 650 4077 restaurandum
664 4033 736 4076 esse.
778 4011 900 4074 Nullum
916 4010 1050 4072 Emirum
1065 4011 1272 4076 Muslemioum

172 4135 227 4174 uec
247 4115 454 4198 recipiendum
475 4134 542 4173 esse
567 4115 754 4174 ablurlemis
769 4133 867 4193 neque
884 4111 921 4172 sb
942 4112 1005 4172 ullo
1028 4132 1132 4175 eorum
1153 4122 1273 4194 praeter

61 4236 64 4245 ·
169 4217 351 4298 Rsodjurum
362 4215 573 4298 ethrgbujah
586 4215 695 4276 litteris
716 4235 778 4276 esse
795 4215 974 4279 adeundum.
1016 4213 1073 4274 llis
1086 4213 1273 4298 (Kargbujab

170 4328 200 4380 et
225 4315 387 4404 Baedjuro)
410 4321 536 4381 mortuis
558 4309 644 4378 baud
664 4317 755 4380 lic'era
776 4302 929 4378 Muslemis
949 4317 1086 4380 Emirum
1112 4335 1129 4377 e
1151 4317 1272 4396 regione

168 4421 339 4484 Muslemica
356 4445 501 4486 arcessere
531 4443 628 4506 neque
650 4422 687 4482 ub
709 4416 801 4502 (aliis)
822 4421 973 4483 Muslemis
996 4420 1142 4496 auxilium
1161 4429 1271 4502 petere,
