3038 4796
431 331 477 402 IN
497 328 653 400 LEONIS
674 327 858 399 DIACONI
877 329 956 398 LlB.
976 330 1002 398 1.
1178 323 1254 398 tub

158 490 291 572 όρῶσθαι
306 489 536 573 λαμβανομένου
549 493 771 571 πνευματικῶς·
793 510 864 548 cum
877 486 980 550 uidere
992 489 1176 572 intelligitur
1190 497 1255 574 spi-

160 579 327 638 ritualiter.
378 576 459 637 Idem
479 577 514 636 ln
534 575 641 638 Mattlr.
661 577 685 636 1.
711 570 1063 642 deturbasset
1095 581 1254 658 Φαρισαῖοι

158 657 369 744 λαμβάνεσθαι
394 662 438 738 είς
458 658 530 737 νοός
549 655 748 734 διδασκάλους
768 664 830 724 τῶν
850 653 1021 724 Ἰουδαϊκῶν
1042 658 1253 743 παραδόσεων·

157 749 401 810 Pharisaeorum
415 751 534 807 nomine
548 747 717 827 intelligere
725 765 895 824 possumus
906 745 1042 806 doctores
1055 746 1256 808 traditionum

158 832 370 896 Iudaicarum.
421 833 550 894 fluetius
567 852 739 914 perperam:
770 832 937 891 Pharisaei
957 829 1099 890 docendis
1118 831 1282 894 ledaea-l)

157 940 229 978 rum
246 917 469 978 traditionibus
488 923 608 977 desumi
621 927 762 998 possunt.
806 918 918 980 Concil.
935 917 1136 998 Ephesinum,
1163 923 1255 986 1282.

156 1004 189 1064 B.
206 1003 256 1066 tut
277 1001 311 1066 δὲ
326 1008 381 1084 τῆς
395 999 542 1084 θεότητος
558 1007 653 1066 ταῦτα
666 1000 719 1066 καί
739 1003 845 1082 ψευδεῖ
862 998 1092 1084 λαμβανόμενα,
1112 1002 1164 1066 καί
1180 1002 1256 1084 ἡμῖν

158 1087 200 1162 ῶς
219 1083 425 1165 συκοφάνταις
445 1091 563 1163 δικαίας
579 1089 780 1170 κατακρίσεως
798 1088 886 1150 αίτια.
930 1089 986 1148 Ubi
1006 1089 1143 1167 vulgatus
1161 1088 1256 1149 inter·

156 1193 225 1254 pres
241 1175 363 1233 omnino
379 1174 456 1234 nihil
472 1176 568 1251 vidit,
594 1175 743 1234 scribens:
766 1172 803 1232 In
818 1176 944 1232 Deitate
955 1194 1024 1232 aero
1038 1173 1113 1232 ίιαεο
1127 1171 1256 1233 menda-

156 1261 208 1316 cia
224 1270 317 1336 sunt,
347 1281 417 1317 cum
443 1263 667 1340 suscepiuntur,
699 1269 726 1318 et
747 1258 834 1317 nobis
855 1259 1029 1318 calumniae
1049 1259 1256 1340 blasphemiae

156 1343 417 1404 condemnationis
440 1367 564 1405 οιιτιειι.Ι
586 1349 709 1404 Sensus:
731 1346 820 1402 Haec
837 1356 956 1421 autem,
978 1347 1008 1402 si
1027 1343 1063 1404 de
1076 1347 1254 1405 Divinitate

155 1431 387 1510 intelliguntur,
411 1442 438 1489 et
450 1433 543 1508 salso
559 1442 647 1506 sunt,
670 1441 698 1488 et
711 1430 799 1488 nobis
814 1441 963 1511 tanquam
979 1430 1255 1490 calumniatoribus

155 1535 285 1574 causam
308 1519 408 1574 iustae
430 1516 690 1576 condemnationis
712 1515 854 1596 afferunt.
907 1495 1124 1576 Eandem‘vim
1144 1516 1254 1578 hebere

152 1603 280 1662 verbum
302 1597 436 1677 ἐξακούω
443 1647 452 1679 ,
475 1603 534 1661 ism
556 1603 606 1662 elii
625 1610 820 1661 notaverunt:
844 1600 951 1660 eddam
974 1601 1111 1681 exempla
1132 1601 1253 1662 Eusebii

153 1687 294 1767 Praepsr.
318 1687 430 1765 Evang.
454 1689 526 1754 675.
546 1689 576 1747 C.
599 1685 760 1767 Porphyrii
782 1687 825 1744 De
846 1685 1025 1746 abstinentia
1044 1685 1094 1752 64.
1115 1678 1151 1749 Δί
1177 1682 1198 1749 ii
1210 1682 1251 1768 δή

151 1769 240 1852 ἡμεῖς
262 1771 304 1844 ῶς
329 1768 386 1851 τήν
414 1771 542 1855 δστίραν
569 1771 771 1853 πλημμέλειαν
793 1770 969 1851 ἐκβαίνοντα
991 1771 1023 1852 [l.
1046 1769 1252 1850 tepetsousJ,

153 1852 211 1918 ουίι
230 1850 332 1936 όρθῶς
353 1853 553 1938 ἒξακοόομεν,
584 1879 644 1917 non
666 1869 743 1914 recte
761 1859 1004 1936 interpretamur.
1046 1859 1075 1918 S.
1094 1857 1197 1916 Basilii
1215 1857 1252 1918 ln

151 1939 360 2002 Hersimeron
381 1942 403 2002 1.
422 1944 474 2008 74.
495 1943 527 2004 B.
550 1943 585 2002 ln
609 1943 726 2002 Essiam
746 1944 817 2008 839.
840 1942 872 2003 G.
897 1943 1049 2004 Adversus
1069 1942 1250 2002 Eunomium

151 2025 188 2087 IL
210 2031 261 2094 51.
276 2029 310 2086 D.
333 2023 384 2090 dui
405 2025 464 2108 τήν
485 2033 546 2091 τῶν
564 2033 684 2091 πολλῶν
706 2024 849 2109 ἄγνοιαν,
872 2021 1077 2110 ἀνθρωπικῶς
1092 2021 1249 2103 ίξαιιουόν-
1282 2063 1289 2071 =

150 2135 211 2174 των
231 2117 285 2194 τῆς
301 2107 472 2196 γεννήσεως
487 2118 545 2177 ταῶ
559 2115 647 2176 υίοῶ·
676 2116 730 2194 qui
741 2117 965 2192 generationem
977 2115 1047 2192 filii
1066 2113 1250 2172 humanitus

151 2199 356 2277 accipiebant:
380 2197 433 2257 ubi
447 2209 517 2258 nota
527 2243 535 2274 ,
558 2194 692 2275 ίξακοόω
707 2199 840 2259 construi
856 2221 922 2259 cum
943 2198 1084 2278 genitivo.
1126 2197 1251 2258 Photius

149 2281 283 2362 Epistola
296 2284 334 2343 sd
351 2284 440 2364 episc.
459 2285 639 2364 Aquileiens.
655 2288 727 2351 533.
740 2289 775 2344 Δ.
788 2277 875 2348 ου’τολ
888 2281 938 2356 τό,
961 2283 994 2348 ἐκ
1007 2287 1063 2348 τοῦ
1079 2283 1156 2365 ἐμοῦ
1163 2333 1172 2362 ,
1194 2277 1251 2366 stix

151 2366 192 2442 ῶς
216 2365 299 2432 εἶπεν
316 2367 333 2433 ό
343 2366 450 2452 Σωτήρ
466 2365 677 2445 ἒξακοόοντες·
700 2373 840 2446 nonita,
863 2391 900 2430 ac
914 2369 995 2430 dixit
1015 2371 1175 2447 Servatur,
1197 2372 1251 2428 in-

148 2455 326 2534 telligentes.
355 2455 433 2514 Nolo
449 2456 522 2514 elias
533 2456 724 2516 auctoritates
737 2475 904 2534 congerere,
919 2455 1113 2535 quse‘magno
1125 2475 1249 2516 numero
1266 2465 1298 2522 P.
1318 2467 1368 2522 187

148 2549 323 2603 occurrunt.
366 2540 434 2613 Quo
447 2541 539 2619 magis
557 2541 742 2618 mirandum,
766 2542 947 2602 Frontonem
964 2543 1112 2602 liuoseum
1125 2549 1155 2602 et
1169 2541 1251 2602 Har-

149 2623 275 2684 duinum
289 2625 320 2683 in
337 2623 395 2684 bac
407 2645 484 2685 voce
497 2627 615 2706 lapsos,
638 2627 764 2706 epistola
788 2628 923 2708 Dionysii
946 2627 1108 2688 Alexandr.
1128 2626 1167 2686 sd
1188 2628 1250 2688 Bs-

149 2707 265 2766 dlidtm
281 2709 395 2770 Concil·
412 2712 435 2773 1.
452 2716 521 2777 187.
538 2713 571 2772 Α.
588 2713 620 2774 ol
636 2710 669 2774 δὲ
689 2706 864 2795 σοφῶτερον
882 2707 1089 2790 ίξακοόοντες,
1112 2715 1169 2794 qui
1185 2735 1248 2773 aa·

149 2801 209 2850 tem
222 2791 295 2871 [hoc
308 2795 488 2856 vocabulum
503 2791 576 2878 όψδ]
590 2801 710 2856 saniori
723 2819 831 2872 sensu,
854 2819 908 2858 seu
921 2797 1055 2858 doctiore
1069 2819 1172 2873 sensu,
1195 2802 1247 2858 in-

147 2879 302 2956 telligunt.
344 2879 393 2938 llli
410 2891 580 2958 verterunt,
603 2887 800 2964 sapientiores
814 2895 915 2942 autem
937 2881 973 2940 id
991 2882 1158 2968 audientes.
1204 2881 1249 2943 Ab

146 2958 295 3040 ίξακοόω,
317 2961 374 3024 hac
391 2965 624 3044 significatione,
644 2969 680 3028 fit
701 2968 909 3044 ἐξακουστέον,
931 2967 1163 3048 intelligendum
1184 2980 1247 3029 est:

146 3067 206 3127 quo
226 3069 295 3107 cum
312 3050 365 3108 ulii
382 3061 454 3111 sunt
469 3055 514 3112 usi
524 3097 533 3128 ‚
555 3064 622 3114 tum
638 3055 671 3113 in
692 3053 797 3135 primis
817 3055 846 3114 S.
862 3055 996 3113 Clemens
1015 3054 1247 3116 Alexandrinus.

145 3131 237 3192 Velut
257 3135 428 3215 P⁰²d⁸g⁰g⁰
450 3143 500 3204 89.
521 3139 554 3200 C.
571 3135 645 3218 όιτερ
659 3139 711 3202 καλ
726 3145 839 3220 μᾶλλον
851 3136 1059 3214 δξακουστίον·
1081 3139 1247 3199 stromati-

144 3216 199 3278 bus
216 3223 287 3286 356.
304 3220 339 3280 Δ.
352 3221 427 3282 ibid.
443 3223 517 3288 614.
535 3225 567 3284 D.
610 3225 711 3285 Altera
726 3221 902 3303 significatio
917 3223 1002 3284 verbi
1018 3220 1168 3302 ἒξαιιοόω,
1192 3244 1247 3284 rs-

143 3303 207 3362 rior
224 3305 275 3364 ille
296 3306 434 3384 quidem,
461 3317 490 3368 et
510 3310 540 3368 in
562 3311 693 3388 Lexicis,
719 3321 864 3390 quantum
885 3309 1024 3388 memini,
1057 3309 1178 3384 omissa,
1201 3318 1246 3369 est

143 3388 315 3466 subaudio,
337 3392 543 3472 subintelligo.
587 3397 653 3469 Quo
670 3417 760 3456 sensu
774 3396 870 3455 Latini
886 3414 1007 3476 quoque
1027 3415 1245 3474 nonnunquam

143 3473 250 3534 dicunt
269 3474 382 3554 audio,
403 3479 490 3538 velut
507 3480 712 3554 Quintilianus
735 3482 833 3541 Instit.
852 3480 931 3542 rhet.
947 3480 1045 3548 1113.
1066 3483 1117 3548 68.
1136 3480 1245 3542 Graeci

141 3559 234 3636 vulgo
248 3559 351 3624 ἐννοῶ.
394 3563 539 3625 Eusebius
560 3569 728 3628 Demonstr.
741 3568 853 3646 Evsng.
866 3569 939 3632 383.
960 3566 994 3626 Β.
1011 3563 1065 3644 τό,
1087 3571 1160 3644 sot,
1181 3561 1246 3630 nei·
1280 3561 1283 3568 ¹

141 3645 190 3704 λιν
209 3641 417 3720 ἑξακουόντοιν
434 3648 539 3730 ήμῶν,
568 3651 741 3728 aistand,
771 3663 873 3728 tuum,
900 3673 1012 3710 rursus
1034 3652 1245 3734 subintelligi-

141 3747 219 3786 mus.
262 3729 394 3809 Etymol.
416 3733 513 3813 Magn.
535 3742 607 3804 211.
633 3739 686 3798 lin.
702 3739 761 3815 55,
784 3739 852 3797 loco
871 3747 1033 3819 corrupto,
1054 3735 1091 3800 τό
1112 3738 1161 3801 tat
1181 3743 1246 3801 τῶν

140 3806 274 3876 εόθιιῶν
285 3815 459 3899 ίνεργητικό
473 3818 674 3903 λξαιιουόμενα
689 3822 824 3906 ῥήματα,
846 3829 950 3904 πρῶτα
964 3822 1017 3886 καί
1031 3819 1159 3906 δεότερα
1169 3818 1273 3906 πρό-Β

139 3914 226 3961 sunu
251 3893 309 3962 ou’n
327 3901 393 3981 ἔχει.
438 3905 572 3984 Corripe,
595 3906 632 3970 esi
651 3909 701 3972 tut
720 3915 782 3972 τῶν
798 3911 896 3971 θείων
915 3905 1088 3992 ίνιργητικοί
1105 3902 1246 3984 ίξαιιονό-

137 3999 229 4062 μενα·
259 3989 380 4064 uotiua,
413 3989 468 4047 ubi
490 3991 737 4076 subintelligitur
757 3995 960 4068 uocabulum,
988 3997 1087 4055 Deus.
1138 3997 1247 4074 Agitur

136 4068 214 4126 enim
226 4068 267 4128 ds
280 4070 529 4152 impersonalibus
545 4077 661 4160 βρέχει,
688 4083 829 4160 χιονίζει,
852 4074 1015 4162 α’στρόιττιι
1033 4091 1065 4142 et
1087 4079 1246 4156 similibus,

134 4151 188 4210 ubi
204 4159 389 4231 grammatici
406 4161 513 4221 Gracci
531 4183 635 4224 vocem
653 4163 725 4240 Θεὸς
741 4164 894 4226 subaudiri
907 4165 1023 4225 volunt.
1066 4167 1169 4246 Neque
1185 4166 1247 4225 alio
1340 4222 1343 4228 .

133 4235 305 4315 significatu
330 4242 465 4308 invenies
486 4247 731 4329 κροσυιιακοόω,
761 4251 966 4330 subintelligo.
1010 4249 1096 4312 Philo
1123 4249 1246 4310 1)οωί-

131 4324 267 4400 gestium
287 4326 449 4393 Abrshrmi
470 4337 543 4403 309.
569 4335 607 4402 G.
632 4337 769 4400 Clemens
789 4337 1015 4399 Alexandrinus
1034 4337 1245 4413 stromatibus,
