3038 4796
263 377 339 453 384
464 369 700 454 EXCERPTA
718 379 783 447 EX
801 378 974 450 fflsuou.
1002 374 1208 450 ARABUM'
1252 373 1254 387 '

347 545 436 610 Anno
457 544 590 608 matum
610 542 690 620 364,
713 541 897 605 Graecorum
923 543 1022 620 1286,
1043 541 1247 604 Romanorum
1264 541 1365 626 impa-

261 658 346 714 rator
366 649 458 726 Ivan,
479 649 560 708 idem
577 647 628 708 ille
642 644 951 726 Schumnaohohigus‚
974 643 1092 726 Syriam
1112 644 1278 724 ingressus,
1299 646 1366 706 lIa-

262 752 382 813 madam
404 761 433 810 et
448 751 610 811 llalbecum
626 747 707 830 cepit
723 759 753 810 et
769 769 860 829 quam
874 749 1051 808 Damascum
1067 747 1259 830 profecturus
1279 757 1365 826 esset,

179 885 183 892 ¹
260 853 501 930 Bar-Zaccatlr,
523 851 633 912 nobilis
652 851 746 911 Arabs
759 853 871 931 Syrus,
893 851 1005 932 scripta
1027 849 1066 910 ed
1092 849 1228 910 Damasci
1250 852 1366 932 praeie-

262 963 356 1031 ctum,
379 953 575 1034 Phatganum,
594 953 737 1035 epistola,
759 953 918 1014 consilium
935 953 962 1012 ei
976 951 1068 1028 dedit,
1089 971 1143 1029 ne,
1165 973 1255 1032 quum
1269 952 1366 1013 imbe-

263 1057 364 1118 cillior
379 1067 469 1132 esset,
490 1059 693 1117 Romanorum
707 1056 771 1134 regi
785 1055 951 1117 obsisteret.
994 1055 1211 1136 Obtemperans
1224 1055 1277 1114 ille
1291 1052 1367 1114 huic

262 1160 390 1219 consilio
402 1159 575 1240 imperatori
590 1157 867 1238 Schumusclrcbigo
888 1157 1088 1218 obedientiam
1101 1165 1132 1218 ot
1152 1159 1290 1233 300,οω
1307 1175 1366 1218 au-

262 1281 364 1321 carum
382 1261 531 1322 tributum
548 1261 705 1342 promisit,
727 1281 787 1341 quo
802 1261 965 1343 imperator
979 1257 1273 1339 Sohumuscbclrigua
1288 1279 1365 1319 oon·

259 1373 365 1424 tentus
390 1363 458 1424 suit.
508 1364 589 1424 Huic
613 1365 755 1424 Damasco
779 1363 1032 1444 appropinquanti
1052 1363 1222 1442 Phatganus
1246 1361 1365 1423 obviam

263 1467 363 1526 factus
381 1483 458 1545 equo
480 1465 634 1526 descendit
653 1476 682 1526 et
695 1475 806 1527 terram
820 1465 979 1546 aliquoties
993 1467 1143 1527 osculatus
1160 1473 1215 1524 eat.
1256 1464 1365 1522 Laetus

263 1567 321 1628 bac
344 1589 377 1628 re
391 1569 552 1650 imperator
573 1589 682 1650 equum
703 1567 902 1628 conscendere
916 1590 983 1630 eum
1001 1568 1093 1629 iussit
1106 1569 1294 1647 multumque
1304 1565 1366 1626 lro·

262 1670 394 1731 roravit.
437 1671 538 1732 lussus
562 1673 682 1750 deindo,
704 1681 739 1730 ut
759 1691 860 1732 coram
881 1691 915 1732 eo
931 1673 1103 1732 decurreret
1120 1680 1149 1730 et
1161 1668 1282 1730 militiae
1296 1687 1366 1750 spe-

265 1773 363 1833 cimen
378 1772 492 1849 ederet,
515 1795 608 1855 quum
621 1775 817 1851 decurrisaet,
838 1774 1027 1856 imperatoris
1041 1775 1131 1836 laude
1146 1771 1366 1832 motuaiterum

264 1895 342 1956 equo
357 1875 511 1936 descendit
521 1887 689 1958 terramque
698 1877 850 1938 osculatus
862 1885 915 1937 est.
957 1877 1146 1959 Imperatoris
1157 1875 1240 1936 iussu
1253 1893 1367 1955 equum

266 1979 443 2038 conscendit
467 1987 497 2037 et
520 1999 610 2059 quum
632 1975 693 2039 ille'
706 1979 795 2040 unius
816 1987 935 2039 tantum
960 1981 1031 2040 anni
1050 1979 1199 2041 tributum
1225 1979 1365 2058 exigeret,

265 2081 366 2144 denuo
389 2081 559 2160 descendit,
587 2091 699 2142 terram
718 2081 918 2146 osculaturus.
959 2081 1137 2164 imperatori
1154 2101 1280 2162 equum,
1303 2101 1365 2163 quo
1472 2095 1478 2108 ·

261 2198 369 2249 vectus
394 2187 582 2260 decurrerat,
603 2184 735 2270 gladium
757 2193 787 2244 et
801 2184 918 2244 hastam
939 2185 1104 2267 postulanti
1125 2205 1188 2245 non
1206 2185 1280 2246 haec
1295 2194 1367 2246 tan·

263 2299 346 2367 tum,
370 2289 424 2350 sed
437 2289 613 2350 vestimenta
626 2307 758 2368 quoque,
785 2299 917 2350 aromata
932 2299 962 2348 et
977 2289 1079 2348 decern
1094 2308 1186 2368 equos
1201 2307 1270 2348 cum
1282 2287 1367 2348 mul-

261 2393 302 2452 tis
326 2392 420 2452 hastis
444 2391 553 2451 obtulit
560 2412 569 2467 3
593 2390 645 2449 sed
664 2389 828 2471 imperator
844 2374 942 2452 istum¹
958 2401 1076 2453 tantum
1098 2411 1209 2473 equum
1228 2399 1259 2450 et
1277 2391 1367 2452 istam

261 2503 383 2555 tantum
395 2493 511 2553 hastam
528 2491 661 2572 accepit,
681 2493 806 2573 reliquis
819 2493 961 2571 redditis,
983 2495 1190 2556 benevolentia
1210 2493 1273 2554 eiua
1288 2515 1368 2555 con-

261 2607 379 2670 tentus;
400 2581 462 2656 imo
483 2594 617 2654 emicivit
631 2593 816 2675 Phatgenum
837 2596 1001 2680 splendidis
1017 2599 1150 2659 vestibus
1165 2607 1195 2658 et
1212 2605 1366 2678 praeterea

263 2699 405 2782 operibus
424 2719 496 2759 auro
514 2697 702 2778 fabrefactis,
721 2701 852 2792 vestibus
875 2710 997 2780 argento
1014 2699 1103 2760 tectis
1121 2708 1151 2759 et
1165 2701 1253 2760 mulis
1273 2699 1367 2760 dona·

262 2804 320 2866 vit.
361 2803 436 2862 Inde
451 2801 592 2861 Sidonem
614 2801 769 2882 proiectus
784 2813 844 2882 est,
869 2804 956 2864 ouius
978 2801 1059 2864 cives
1076 2801 1195 2862 obviam
1208 2803 1317 2882 egressi
1332 2823 1366 2865 se

264 2906 457 2968 subiecerunt
479 2905 559 2965 dono
578 2903 752 2986 offerentes,
780 2916 964 2990 quapropter
978 2904 1015 2964 iis
1031 2903 1145 2964 relictis
1164 2905 1298 2986 Beryton
1311 2903 1366 2965 du.

264 3009 328 3086 xit,
350 3029 438 3090 quam
461 3007 495 3070 vi
517 3008 635 3088 speruit
651 3017 681 3069 et
701 3011 838 3094 diripuit.
881 3009 955 3071 lnde
973 3005 1116 3068 Gabalum
1135 3005 1270 3068 renitet
1294 3007 1366 3088 quia

265 3112 329 3173 eius
347 3113 465 3172 incolae
485 3112 679 3191 resistebant,
700 3114 733 3175 ri
755 3116 843 3176 etiam
864 3109 1056 3193 expugnarit
1097 3109 1222 3192 Direpte
1243 3129 1275 3171 ea
1289 3110 1365 3171 Tar-

265 3235 322 3275 son
339 3216 496 3297 profectus
514 3225 576 3294 est,
598 3217 651 3276 ubi
665 3217 862 3298 imperatricis
880 3213 1092 3295 Theophaniae
1106 3213 1200 3274 frater
1214 3233 1363 3274 venenum

264 3319 292 3380 ei
312 3317 480 3400 potandum
497 3316 649 3398 praebuit,
672 3327 854 3401 quapropter
872 3319 906 3378 in
921 3337 1041 3399 gravem
1058 3317 1198 3378 morbum
1213 3315 1321 3377 incidit
1334 3327 1366 3379 st

263 3420 299 3480 in
313 3421 421 3480 urbem
435 3420 547 3500 regiam
562 3439 702 3482 reversus
715 3433 854 3484 mortuus
866 3433 925 3500 est,
947 3430 1108 3503 postquam
1129 3427 1258 3500 quatuor
1270 3441 1366 3481 anuos

262 3531 452 3601 regnaverat.
502 3523 562 3583 llio
582 3523 616 3583 iu
637 3523 750 3605 agendo
769 3533 922 3603 strenam,
949 3543 1078 3606 corpore
1100 3523 1238 3603 validus,
1266 3525 1366 3585 animo

263 3623 368 3702 fortis,
389 3623 470 3686 bello
483 3625 559 3685 felix
573 3635 645 3687 erat.
688 3627 796 3689 Statim
809 3649 827 3688 a
840 3627 926 3708 regni
943 3627 1030 3688 initio
1045 3645 1115 3706 erga
1128 3646 1230 3688 omnes
1243 3647 1366 3708 magna-

262 3725 382 3786 nimum
403 3747 434 3787 se
453 3729 606 3809 praebuit,
636 3731 829 3813 captivosque
849 3729 974 3793 dimisit.
1018 3729 1280 3812 Comtsntinopoli
1298 3749 1367 3790 ma·

262 3849 352 3910 gnam
371 3830 530 3893 ecelesiam
554 3829 741 3913 aedificarit,
773 3835 884 3896 multas
900 3832 1010 3911 urbes,
1036 3832 1207 3914 multasque
1229 3833 1366 3913 regiones

263 3932 390 4014 subegit.
432 3934 757 4018 Mortuum'principes
781 3947 811 3999 at
824 3937 927 4019 plebea
950 3935 1060 3996 rabum
1075 3935 1110 3996 in
1130 3935 1256 3996 modum
1275 3935 1366 3996 luxa*-

262 4043 347 4100 ruat.
388 4035 461 4097 Post
479 4053 548 4096 eum
568 4033 758 4117 imperatoris
771 4041 899 4102 Romani
919 4039 991 4112 lilii,
1013 4037 1139 4099 Basilina
1164 4047 1195 4098 et
1217 4038 1367 4098 constan·

258 4129 362 4216 tinus,
384 4159 440 4220 per
460 4139 503 4206 86
529 4155 623 4199 annos
635 4139 796 4222 imperium
819 4141 1016 4204 obtinuerunt
1030 4161 1102 4203 vero
1122 4159 1222 4200 amora
1240 4159 1273 4199 aa
1285 4137 1366 4200 iuri-

260 4257 328 4302 cem
343 4239 507 4322 complexi.
552 4241 698 4324 Basilius,
721 4243 793 4325 quia
806 4243 980 4306 bellicosior
996 4253 1074 4321 erat,
1094 4241 1292 4304 (temtamina
1305 4242 1367 4303 irs·

258 4351 308 4405 trs
320 4341 355 4404 in
366 4343 441 4407 urbe
451 4343 533 4426 regia
543 4343 670 4426 relicto,
691 4345 838 4410 continuo
854 4369 924 4410 cum
940 4345 1085 4410 brabibua
1099 4345 1178 4408 buta
1190 4343 1290 4426 gealt.
