3038 4796
272 401 349 508 taa
612 403 1017 476 cauraunomn

272 573 349 643 νοῖς.
370 545 373 556 ¹
389 565 565 630 Heliodorus
579 563 733 648 'theagene
749 563 820 634 154.
838 565 869 630 G.
890 559 938 628 ὅτι
959 559 1003 646 μή
1025 557 1118 646 φύσει
1131 557 1302 647 καρτερικός
1316 551 1371 642 ἦν,

274 647 343 716 ttt’
364 644 538 734 ἇξιεροὶστον
556 647 698 734 γυναικὸς
719 650 762 725 εἷς
782 645 839 730 τὴν
860 653 1074 733 παρελθοῦσαν
1095 644 1237 723 ἀθέατος.
1279 645 1371 708 ΡΙιίΙο

275 739 317 798 De
330 735 445 818 Ioseph.
461 737 533 805 417.
544 737 580 799 F.
598 746 658 799 tres
670 735 854 797 characteres
868 754 929 796 esse
941 735 1001 795 viri
1016 734 1133 812 civilis,
1153 727 1204 798 aiv
1218 755 1250 794 τε
1262 755 1370 813 ποιμε-

277 817 378 900 nando,
399 821 451 885 ael
461 819 514 886 τόν
527 817 731 904 οἰκονομικὸν,
751 819 803 883 καὶ
813 817 867 883 τόν
882 816 1066 901 nements,
1087 839 1174 899 quam
1188 817 1285 877 statim
1300 826 1372 897 post

276 907 404 1072 illiti
418 916 529 1072 lltgt.
558 907 648 1052 ltlt
670 901 1373 1070 indebiti?iiiiipiiiffiiiii}

249 1075 398 1137 CEusebii
412 1077 608 1141 Demonstrat.
623 1074 801 1154 Evangelica
817 1077 888 1139 117.
907 1075 943 1136 D.
960 1084 990 1134 et
1004 1069 1091 1157 νόμον
1108 1013 1275 1158 παὲτερικοὶ
1289 1071 1372 1152 apud

276 1162 459 1222 Oenomaum
485 1161 711 1244 Praeparatione
738 1159 879 1237 Evangel.
899 1161 971 1224 221.
993 1159 1025 1219 C.
1067 1159 1168 1219 Altera
1191 1155 1371 1236 significatio

276 1257 322 1308 est
329 1251 469 1327 patiens,
487 1248 774 1324 aarumnmfmnr,
792 1240 1022 1322 sinemurensis,
1043 1244 1094 1303 cui
1107 1243 1177 1304 voci
1191 1265 1208 1302 a
1221 1245 1251 1308 8.
1265 1240 1373 1320 Chry-

276 1342 408 1392 sostomo
432 1333 514 1396 Orat.
535 1331 568 1390 in
587 1329 803 1392 scandalizatos
821 1328 887 1388 Vll.
910 1330 961 1393 33.
980 1336 1009 1396 2.
1031 1328 1233 1408 coniungitur.
1275 1325 1373 1387 ltaM.

276 1416 448 1519 Antoninus
467 1417 511 1476 De
529 1416 626 1496 seipso
650 1419 722 1482 193.
746 1415 780 1472 D.
796 1413 833 1474 de
852 1415 992 1473 Socrate:
1012 1407 1262 1496 ναρτερικοὸτερον
1281 1410 1315 1474 έν
1329 1414 1375 1496 τῷ

277 1499 617 1672 rttttttttt
637 1497 1375 1670 tnttttttttttestreet.

278 1670 407 1740 111692.
423 1671 459 1731 rl.
487 1669 613 1731 Invenio
626 1678 727 1730 tamen
743 1668 854 1750 passim
872 1669 952 1748 apud
966 1669 1166 1750 posteriores,
1190 1667 1244 1727 ubi
1257 1673 1376 1726 vertere

277 1757 383 1838 possis,
404 1754 582 1836 intrepidae,
604 1757 770 1830 animosus,
790 1774 849 1834 quo
865 1773 952 1814 sensu
965 1751 1016 1813 bie
1027 1753 1148 1815 videtur
1160 1751 1247 1813 sumi.
1269 1753 1299 1810 8.
1311 1751 1376 1808 Δη-

278 1840 397 1900 tioohus
404 1841 536 1922 Epistola
551 1841 588 1900 ad
598 1839 789 1901 Eustachium
801 1843 892 1906 1022.
905 1839 940 1900 D.
952 1837 989 1898 de
999 1837 1163 1915 mortachis,
1183 1857 1245 1897 non
1258 1845 1293 1896 ut
1302 1855 1376 1894 caa-
1465 1865 1471 1886 ·

277 1927 337 1985 teri
349 1934 430 1985 metu
438 1928 652 1986 Saracenorum
666 1923 892 1985 adventantium
905 1922 1141 2002 diffugientibus:
1163 1915 1328 2000 ἇπέμειναν
1339 1915 1376 1981 δὲ

279 2009 489 2094 οἷκαρτερτκοὶ
503 2013 609 2076 δοῦλον
621 2013 677 2072 τοῦ
690 2011 823 2090 Χριστοῦ
832 2007 866 2071 έν
909 2003 1040 2094 ”tuden
1083 2005 1287 2088 Superlativus
1302 2027 1377 2085 nap-

278 2089 456 2174 atptaoiwsa
478 2115 566 2177 saepe
585 2093 802 2156 adverbialiter.
841 2095 870 2156 S.
915 2093 1022 2173 yrillus
1038 2091 1200 2152 Alexandr.
1213 2088 1378 2170 Glaphyria
1506 2095 1507 2172 J

279 2178 391 2250 1242.
412 2181 448 2242 D.
469 2173 703 2265 καρτερικωτατα
721 2183 784 2254 τοῖς
797 2169 902 2253 πόνοις
922 2170 1062 2260 έντνχοὶν.
1091 2179 1122 2236 S.
1138 2175 1264 2236 Basilina
1279 2174 1378 2254 Epist.

249 2277 339 2334 Dum.
357 2265 396 2324 ΙΙ.
418 2264 489 2333 942.
517 2264 554 2326 A.
576 2258 958 2349 supermemoratorum.
1000 2261 1046 2322 ab
1066 2261 1213 2322 adiectivo
1234 2254 1379 2342 καρτερὸς

282 2348 428 2410 deductae
440 2370 538 2428 voees,
558 2349 593 2409 in
606 2347 720 2410 Lexicia
738 2347 879 2424 omissae,
900 2355 972 2407 aunt
986 2341 1173 2430 παρτερότης,
1196 2345 1297 2421 robur,
1308 2344 1378 2424 fin-

280 2433 408 2506 mitade.
442 2435 472 2496 S.
498 2434 628 2514 Cyrillua
650 2431 938 2537 llierosolpmitanus
960 2429 1111 2492 Gateobeai
1125 2430 1198 2498 274.
1211 2431 1244 2494 B.
1262 2429 1296 2493 έν
1322 2451 1378 2508 μο-

280 2517 420 2592 νοειδοῦς
439 2513 509 2598 χοδς
526 2523 693 2601 γεννᾶσθαι
712 2515 764 2579 καὶ
777 2513 885 2581 οστέων
905 2511 1115 2600 παρτερὸτητα,
1135 2513 1188 2579 καὶ
1205 2508 1379 2595 πνεύμονος

282 2596 459 2681 ἁπαλότητα.
502 2603 604 2662 Altera
619 2594 859 2684 καρτερόψνχος,
873 2603 990 2680 fortis,
1005 2605 1144 2682 pattena,
1165 2600 1199 2659 in
1209 2601 1277 2659 loco
1295 2608 1379 2663 cette

283 2687 312 2750 S.
331 2683 535 2765 chrysostomi
549 2688 634 2749 Orat.
658 2687 692 2745 in
705 2687 928 2746 Praecursorem
941 2685 1004 2749 vlt.
1021 2686 1092 2754 532.
1105 2685 1156 2752 34·
1171 2680 1205 2749 τὸ
1225 2685 1308 2764 ῥῆμα
1320 2685 1381 2746 τοῦ

281 2767 507 2852 ναρτεροψύχοα
524 2765 598 2854 'leid
640 2769 751 2831 Vocem
764 2770 899 2847 tertiam,
920 2770 1156 2852 παρτεροψαχέα,
1177 2769 1381 2830 aninsirobur

282 2865 311 2912 et
318 2855 486 2935 fortitudo,
507 2873 576 2919 cum
590 2855 698 2918 habeat
712 2875 844 2914 summus
857 2853 906 2916 vir
917 2854 1117 2915 Schneiderus
1132 2855 1165 2913 in
1179 2854 1298 2924 Lexico,
1319 2853 1379 2913 du-

280 2939 362 3000 biam
382 2951 482 3001 tamen
502 2961 565 3003 esse
585 2941 762 3022 suspicatur.
802 2939 846 3000 Ea
865 2959 937 3001 vero
954 2949 1083 3000 utuntur
1097 2939 1238 3020 Iosephus
1253 2940 1297 3000 De
1310 2937 1381 2998 bla-

284 3023 420 3087 chabaeis
448 3031 539 3094 1093.
569 3027 603 3087 Ε.
622 3018 844 3108 θαυμασάντων
863 3023 897 3087 di
917 3021 1040 3088 πάντων
1060 3021 1118 3106 τὴν
1138 3024 1382 3128 καρτεροψνρέαν

283 3105 389 3176 αὐτοῦ.
417 3112 446 3173 S.
460 3111 586 3196 Basilius
597 3111 690 3192 Epist.
705 3129 849 3171 auxenti.
863 3109 903 3172 ΙΙ.
920 3115 1010 3176 1066.
1026 3111 1059 3173 D.
1075 3106 1132 3191 τήν
1145 3107 1223 3190 ὑπὲρ
1238 3113 1293 3190 τῆς
1308 3113 1382 3188 atq.

282 3200 363 3270 θοῦς
386 3197 512 3269 πέστεως
524 3196 772 3279 καρτεροψνχέαν.
812 3195 932 3255 Nicetes
955 3193 1105 3276 Paphlago
1121 3194 1245 3255 Laudat.
1264 3196 1294 3254 8.
1315 3193 1382 3252 Eu-

284 3280 373 3340 stath.
387 3280 438 3346 53.
453 3278 487 3338 Α.
504 3284 594 3366 νικᾷν
609 3277 664 3363 μέν
675 3283 715 3366 τῇ
727 3279 948 3364 ναρτεροψνχέμ
961 3275 1011 3344 τὸν
1026 3273 1258 3363 ἀνταγωνιστήν.
1301 3277 1380 3338 Ver-

283 3363 354 3426 bum
369 3363 567 3444 compositum
586 3363 798 3446 έπνκαρτορέω,
813 3385 987 3443 persevero,
1006 3384 1097 3444 aequo
1112 3363 1144 3423 in
1159 3363 1277 3423 Lexiuia
1288 3361 1381 3424 omia·

285 3467 368 3529 sum,
388 3457 512 3530 usurpat
524 3447 709 3530 Nicephorus
725 3448 839 3509 Phocus
853 3447 886 3507 in
899 3447 1029 3510 Tacticis
1043 3470 1133 3530 supra
1151 3449 1221 3516 159.
1240 3450 1273 3510 G.

369 3531 455 3597 ibid:
470 3533 601 3601 linat.
630 3539 694 3608 τοῖς
714 3526 775 3596 ὕπ’
795 3525 886 3596 αὐτὸν
907 3525 1104 3615 ἀγωνίζεσθαι
1118 3527 1381 3616 προτρεπόμενος]

285 3614 422 3678 Postulat
442 3617 577 3698 syntaxis
597 3615 668 3693 eosic
680 3612 738 3681 ὑπ’
758 3611 869 3682 aelata·
889 3625 1005 3698 tamen,
1020 3639 1088 3678 cum
1108 3619 1250 3678 mendum
1262 3617 1380 3697 abipso

287 3711 410 3762 auctora
431 3723 552 3764 manare
568 3703 750 3764 credendum
763 3711 822 3780 est,
842 3709 880 3762 ut
895 3700 945 3768 84.
958 3702 991 3763 C.
1005 3699 1081 3786 πρὸς
1092 3699 1149 3809 τοῖν
1161 3697 1259 3783 μάχην
1272 3706 1383 3784 χωρεῖν

285 3793 350 3862 τοῖς
368 3785 526 3868 ἑπομένοις
545 3782 758 3870 προύτρέπετο·
780 3788 831 3853 95.
851 3787 887 3851 Β.
912 3781 1029 3862 τούτοις
1050 3785 1253 3870 προυτρέπετο
1273 3791 1383 3869 χωρεῖν

175 3869 206 3924 P·
219 3869 272 3928 20³
288 3867 364 3935 κατὰ
382 3875 443 3935 τῶν
460 3875 612 3950 moeno,
637 3871 715 3931 nihil
735 3870 863 3938 mutavi.
904 3869 988 3931 Idem
1008 3873 1148 3950 verbum,
1170 3871 1384 3954 προτρέπομτν,

286 3957 434 4034 exlzortor,
455 3977 519 4017 non
532 3976 593 4016 uno
605 3956 675 4016 loco
690 3955 885 4016 contunditur
896 3973 966 4014 cum
979 3954 1209 4039 προστρέποματ,
1230 3951 1383 4036 supplico,

288 4039 394 4108 adoro.
436 4039 581 4102 Eusebius
601 4039 828 4122 Praeparatione
848 4035 1028 4120 Euangeliou
1045 4047 1098 4109 67.
1122 4041 1158 4102 Α.
1176 4038 1229 4115 τοὶς
1241 4033 1383 4123 dropped.

288 4144 377 4201 στοας
400 4121 517 4200 velarda
529 4120 665 4212 εὐσεβείᾳ
678 4121 764 4210 νόθρο
780 4123 1037 4206 προτρεπομένων.
1079 4125 1184 4186 Scribe
1196 4143 1384 4208 προστρεπο-

287 4210 397 4292 μένων,
420 4211 471 4272 vel
485 4212 596 4290 potius,
616 4219 653 4271 ut
663 4231 731 4270 cum
741 4209 990 4290 praecedentibus
1002 4211 1180 4286 concordet,
1200 4229 1385 4292 προστρεπο-

288 4294 373 4377 μένη.
415 4297 446 4356 8.
462 4296 598 4357 Clemens
617 4293 782 4356 Alexandr.
805 4292 1019 4354 Admonitiona
1031 4295 1069 4355 ad
1082 4304 1183 4375 gentes
1198 4296 1248 4362 24.
1265 4295 1299 4355 C.
1313 4291 1386 4376 Ἀρ.

292 4404 376 4463 ττμτν
390 4377 423 4446 δέ
432 4373 571 4465 Ἀρκάδες
584 4375 808 4464 προτρέπονται.
840 4377 968 4442 Tametsi
982 4377 1034 4442 hio
1048 4389 1129 4442 recte
1142 4377 1272 4442 restituit
1287 4395 1385 4462 προσ-
