3038 4796
416 397 477 466 AD
496 395 782 472 NICEPHORUM
801 393 996 464 PHOGAM.
1185 384 1261 460 357

157 551 312 636 precibus,
335 561 373 613 nt
389 573 498 614 munna
512 573 630 632 meum,
653 551 737 632 quod
755 565 842 634 saepe
854 561 1029 634 aspernatus
1043 562 1122 632 erat,
1144 553 1258 634 dignae

158 666 244 717 retur
262 655 409 735 accipere.
450 655 659 716 desidentibus
680 653 780 733 itaque
798 653 887 714 nobis
903 653 942 712 ed
956 673 1087 714 menum
1102 654 1165 716 eine
1178 657 1257 716 lati·-

157 757 265 816 tudine
284 757 405 835 longam
430 752 568 837 pallingi'
582 755 628 831 ²⁸)
654 756 813 817 latitudiue
841 764 971 837 rectam,
998 755 1187 834 longitndine
1208 775 1259 818 se-

158 857 329 934 minudam,
357 877 395 916 ex
416 858 559 936 lhancis,
587 859 647 936 qu'o
663 858 786 918 nomine
806 866 869 918 tem
897 855 1035 935 Latinos,
1063 877 1155 941 quam
1176 857 1263 917 'Ien-
1277 867 1311 922 Ρ.
1326 865 1381 923 484

158 969 245 1020 tonas
270 956 514 1039 comprehendit,
536 957 644 1019 ludum
662 959 782 1020 habuit:
808 956 988 1038 rogavitque
1003 979 1068 1039 me,
1093 967 1131 1019 nt
1148 979 1208 1040 quo
1228 958 1264 1020 in
1280 935 1371 992 ⁰⁰ss

159 1063 228 1122 loco
259 1061 457 1142 Episcopatus
487 1061 547 1120 moi
575 1061 682 1122 ciritae
705 1071 796 1139 esset,
825 1079 923 1138 quove
951 1060 1074 1122 nomine
1101 1063 1263 1139 frueretur,

160 1163 317 1224 edicerem.
374 1163 431 1222 Cui
458 1164 620 1241 Cremona,
647 1163 785 1242 inquam,
813 1163 946 1224 Eridano
963 1163 1136 1226 iluviorum
1160 1162 1263 1223 Italiae

158 1265 232 1345 Itegi
253 1264 325 1324 satis
342 1264 458 1337 vicina3
488 1273 518 1326 et
537 1265 607 1344 quia
626 1265 787 1346 Imperium
805 1273 892 1328 tuum
909 1266 1064 1328 chelandia
1084 1285 1121 1326 eo
1146 1264 1266 1326 mittere

159 1375 314 1449 properet,
335 1366 431 1446 prosit
443 1365 518 1426 mihi
531 1377 564 1426 te
577 1364 697 1444 vidisse,
710 1367 805 1447 prosit
820 1371 985 1450 agnovisse,
1007 1371 1045 1432 da
1059 1387 1164 1449 pacem
1179 1367 1262 1444 loco,

160 1479 196 1530 nt
207 1489 264 1548 per
271 1477 300 1527 te
309 1468 513 1548 saltempoasit
524 1469 694 1544 subsistere,
716 1467 769 1547 qni
780 1470 908 1532 tibinon
919 1469 1176 1554 poteatresistere.
1201 1467 1261 1528 Sed

160 1571 243 1630 valer
253 1569 392 1628 illehaec
406 1571 566 1652 εἰρωνικῶς
579 1589 627 1630 me
635 1570 745 1630 dixisse
756 1571 906 1649 cognovit,
920 1571 1261 1651 submissoquevultuse

159 1672 202 1732 ita
216 1671 528 1752 facturnmpromisit,
542 1671 712 1752 iuravitque
723 1673 798 1732 mihi
810 1693 864 1755 par
876 1674 979 1734 Sancti
990 1673 1038 1734 eni
1049 1673 1193 1734 virtutem
1199 1671 1261 1731 lm-

153 1771 256 1856 ¹periI,
275 1772 321 1833 nil
335 1792 383 1832 me
398 1772 470 1832 mali
488 1793 660 1853 passurum,
682 1776 734 1835 sed
754 1795 899 1858 prospere
920 1777 981 1836 suis
1005 1777 1074 1836 cum
1096 1773 1260 1835 chelandiis
1344 1847 1350 1864 .

161 1895 255 1956 usque
266 1874 302 1934 in
310 1873 535 1934 Anconitanum
548 1887 672 1957 portum
683 1877 743 1938 cito
755 1886 985 1959 perventurum
1006 1886 1036 1938 et
1046 1876 1161 1937 mihiid
1170 1885 1260 1938 tunso

162 1977 263 2058 digitis
277 1985 401 2058 pectore
414 1975 535 2037 iuravit.
577 1977 687 2039 Verum
704 1999 793 2060 quam
806 1979 898 2060 impie
913 1977 1106 2061 peioraverit,
1128 1977 1289 2041 animat-B

161 2079 281 2142 vertite.
324 2078 404 2138 llaec
422 2087 504 2156 acta,
525 2078 601 2140 haec
616 2080 782 2142 dictasunt
802 2081 1020 2142 decimotertio
1034 2080 1182 2140 Kalendas
1195 2079 1261 2140 Au-

162 2181 259 2262 gustI,
281 2179 414 2241 secunda
431 2179 522 2258 ieris,
543 2201 604 2261 quo
624 2203 662 2243 ex
683 2183 732 2244 die
750 2182 897 2263 usquein
913 2203 1027 2245 nonum
1044 2181 1261 2264 stipendiorum

162 2282 240 2343 nihil
262 2281 301 2340 ab
321 2301 356 2340 eo
375 2282 493 2362 recepi,
523 2303 592 2342 cum
611 2292 696 2344 tenta
714 2293 790 2344 esset
807 2285 1066 2366 Constantinopoli
1085 2287 1196 2363 samaa,
1223 2291 1261 2343 ut

88 2385 93 2392 “
161 2382 272 2462 viginti
294 2382 427 2461 quicque
445 2385 570 2458 asseclas
587 2405 686 2464 meos,
706 2395 737 2446 et
758 2395 888 2466 quatuor
903 2387 1041 2449 custodes
1058 2387 1186 2448 Graecos
1201 2385 1261 2446 tri-

161 2485 217 2545 bus
230 2484 390 2545 ameisuna
398 2504 489 2545 coena
497 2488 652 2567 nequirem
664 2487 796 2550 relicere.
824 2491 938 2564 Quarta
952 2489 1025 2549 feria
1037 2489 1132 2570 ipsine
1145 2487 1260 2548 hebdo-

163 2587 266 2646 madae
280 2585 467 2665 Nicephorus
488 2589 779 2672 Constantinopolim
793 2592 960 2675 egreditur,
982 2591 1014 2651 in
1029 2589 1169 2672 Assyrios
1187 2609 1262 2671 pro·-

38 2774 40 2780 .
107 2777 108 2780 ¹
164 2690 307 2748 lecturus.
349 2688 460 2763 Quinta
475 2690 548 2750 feria
568 2691 662 2752 irater
676 2710 750 2752 suus
764 2713 811 2752 me
824 2693 999 2770 accersivit,
1022 2711 1109 2772 quem
1124 2691 1168 2752 ita
1188 2711 1261 2750 con-

164 2789 257 2851 venit.
307 2793 416 2852 Sancto
436 2790 618 2871 Imperatore
641 2796 820 2874 praemisso,
848 2796 930 2856 dorni
948 2793 1039 2854 hodia
1058 2791 1260 2873 dispositionis

165 2891 300 2952 eiusdem
323 2911 411 2952 causa
435 2892 571 2971 eubatiti;
596 2917 681 2956 nnnc
700 2897 727 2956 si
748 2906 779 2956 te
800 2898 943 2956 Sanctum
964 2894 1175 2975 imperatorem
1206 2892 1259 2954 vi-

165 2993 251 3055 sendi
266 2993 446 3056 desiderium
460 2995 592 3074 obtinet,
614 3007 643 3057 et
654 2999 681 3057 si
697 2998 873 3077 quidquam,
893 2993 975 3073 quod
995 2995 1137 3055 necdum
1151 2991 1260 3074 prodi-

164 3097 244 3158 deris
258 3096 357 3173 habes,
366 3096 505 3161 edissere.
535 3097 591 3158 cui
603 3099 741 3178 inquam:
755 3099 817 3158 Nec
831 3082 973 3164 Sanctum
981 3093 1193 3175 Imperatorem
1204 3095 1288 3159 etc

165 3199 274 3275 deudi,
295 3220 352 3260 neo
365 3197 411 3260 rei
425 3215 522 3260 novae
534 3201 701 3261 narrandae
719 3200 813 3262 habeo
827 3217 962 3276 eausam,
984 3197 1158 3258 ananthon
1177 3203 1259 3277 peto,
1388 3221 1391 3226 ¹

165 3301 327 3362 seeundum
341 3301 443 3360 Sancti
457 3299 577 3380 Imperii
594 3303 837 3382 promissionem,
865 3309 902 3362 ut
918 3299 1081 3360 chelandiis
1100 3301 1134 3359 in
1155 3298 1259 3358 Anco-

166 3403 301 3464 nitanum
324 3409 447 3482 portum
468 3423 565 3483 usqne
587 3404 726 3473 deducar.
778 3405 846 3478 Quo
870 3403 973 3463 audito
996 3402 1043 3478 (ut
1061 3407 1131 3460 sunt
1153 3397 1261 3458 Graeci

165 3525 221 3586 per
234 3481 325 3585 ceput
336 3505 459 3568 alterins
474 3525 590 3586 semper
601 3508 700 3567 iurare
718 3507 828 3588 parati)
849 3521 904 3586 per
916 3502 1143 3584 Imperatorinm
1157 3509 1260 3580 capnt,

166 3627 221 3687 per
235 3607 327 3668 citam
342 3607 505 3687 propriam,
525 3629 581 3688 por
594 3607 721 3686 liberos,
744 3629 818 3688 quos
833 3607 911 3666 Deus
925 3606 983 3682 ita,
1004 3614 1040 3664 ut
1052 3623 1155 3665 verum
1169 3599 1258 3676 dixit,
1294 3600 1296 3609 '

167 3717 340 3785 conservet,
363 3729 394 3768 se
405 3709 439 3768 id
453 3709 670 3789 completurum
689 3712 788 3770 iurare
806 3709 917 3788 coepit.
959 3707 1015 3766 Cui
1032 3725 1100 3766 cnm
1116 3701 1258 3783 quando'l

166 3810 312 3887 dicerem,
334 3831 406 3870 mcx
421 3811 608 3888 discedente,
629 3811 739 3891 inquit,
764 3811 959 3890 Imperatore:
981 3805 1154 3884 Delongaris
1167 3801 1258 3877 enim,

166 3911 221 3972 snb
244 3912 330 3972 ocius
355 3932 446 3972 rnanu
467 3913 590 3974 navitmr
613 3921 658 3970 est
679 3911 777 3972 omnis
803 3919 951 3992 potestas,
972 3908 1129 3970 recedente
1143 3908 1254 3964 Sancto

167 4005 364 4092 Imperatore,
386 4033 489 4074 curam
510 4014 556 4073 tui
575 4022 651 4092 aget.
692 4013 757 4074 Hac
773 4033 826 4095 spe
842 4011 1030 4086 ludificatus,
1051 4009 1144 4068 laetus
1162 4007 1200 4067 ab
1219 4021 1256 4064 eo

166 4116 284 4176 renuat
317 4115 390 4176 Post
400 4124 571 4198 sequentem
584 4135 657 4178 vero
669 4116 757 4192 diem,
774 4115 895 4178 sabbato
910 4113 1034 4190 scilicet,
1048 4107 1287 4181 innutritum

199 4315 249 4384 ΩΒ)
267 4313 337 4368 tua·
353 4315 480 4386 pots'tvel
493 4315 585 4385 potat
608 4315 682 4372 cas
