2984 4798
195 303 202 312 ⁵
302 351 381 430 eso
512 363 553 433 ο.
571 365 618 434 u.
637 361 840 434 roccum
859 361 1207 433 annotationes,

302 522 405 584 Plures
419 520 525 584 dunde
535 521 740 604 expeditiones
752 521 785 582 in
799 521 915 582 Cretam
927 519 964 581 ab
981 521 1047 582 eliis
1063 522 1149 581 etiam
1163 521 1368 603 impenitentes

302 616 455 688 susceptae
471 617 557 686 sunt,
579 627 680 668 omnes
696 617 797 667 tamen
808 606 888 668 haud
904 627 1047 688 prospere
1059 607 1158 683 exitu3
1180 618 1210 666 et
1220 607 1367 688 praecipue,

302 711 379 772 quae
401 693 485 754 iussu
507 692 695 753 Constantini
712 689 963 774 Porphyrogeniti
983 701 1119 772 suscepta
1139 701 1200 764 est,
1223 692 1306 752 tineis
1322 691 1368 749 im-

301 779 410 858 peritia
435 797 472 837 sc
492 777 627 838 socordia
646 778 723 838 male
747 777 868 838 omnino
890 777 1011 838 Graecis
1036 777 1134 838 cessit.
1176 777 1267 836 Habes
1285 776 1323 834 rei
1332 775 1369 834 ti-

299 863 423 922 storiam
434 863 467 922 in
482 863 628 943 excerptis
644 862 749 923 beonia
764 861 888 922 Diaconi
901 863 983 942 apud
995 862 1117 940 Pagium
1130 862 1229 922 critic.
1240 862 1271 920 in
1282 861 1369 921 ann-t

100 983 103 1000 .·
193 941 252 1004 cti·
268 945 288 1005 2
303 946 412 1014 Bmcu.
430 949 513 1009 Tem.
531 947 582 1007 ΙΙΙ.
602 969 669 1029 pag.
689 948 761 1014 874·
807 947 1025 1007 Constantirus
1044 949 1211 1026 Imperator
1230 968 1296 1004 curre
1313 945 1370 1005 Cu·

299 1035 431 1092 tensium
446 1035 596 1092 iniuriam
618 1033 812 1112 accedasque
820 1035 1029 1112 grassationes
1038 1035 1121 1110 ferre
1133 1053 1194 1092 noa
1205 1042 1310 1110 posset,
1328 1033 1370 1088 iu·

240 1112 243 1120 Δ
299 1129 347 1179 eto
362 1121 528 1197 eonamipto
545 1121 692 1194 sancitu,
715 1118 874 1198 multaque
889 1119 977 1196 longe
991 1119 1116 1177 nasama
1133 1116 1370 1175 incendiariorum

299 1205 454 1262 irretructa
467 1204 564 1261 classe
578 1201 724 1264 adversus
743 1202 864 1261 Cretam
875 1205 976 1279 misit,
999 1205 1091 1282 quasi
1103 1205 1203 1282 primo
1221 1205 1319 1261 statim
1333 1221 1371 1257 ar·

298 1287 386 1348 cultu
401 1287 575 1368 praeliique
605 1289 788 1366 inceptantie
810 1288 941 1346 clamore
973 1309 1009 1346 ea
1031 1290 1206 1367 potiturus:
1226 1289 1321 1348 Ducis
1335 1295 1371 1342 ta·

299 1393 382 1448 nun,
403 1391 442 1429 ac
460 1375 634 1449 Praetoris,
661 1374 790 1451 ignavia
811 1375 1022 1452 imperitisque
1043 1371 1121 1452 (otri
1141 1374 1255 1430 scilieet
1275 1371 1371 1444 exsecti,

302 1455 554 1538 Cubiculariique
569 1461 601 1516 in
619 1457 729 1517 umbra
742 1455 875 1534 educati,
897 1459 1135 1537 Paphlagonum
1150 1462 1270 1537 regione
1283 1459 1372 1515 oriae·

298 1539 344 1617 di,
362 1539 580 1602 Constantinus
593 1545 623 1603 ei
634 1561 750 1620 nemea,
769 1542 914 1620 Goneylee
928 1562 1090 1623 cognomen
1103 1553 1177 1618 erat,
1194 1542 1311 1602 tametsi
1322 1543 1373 1599 Pa·

298 1628 457 1686 triviorum
468 1627 586 1688 illuotri
604 1625 755 1709 dignitate
765 1626 926 1708 fulgebat)
945 1629 1043 1686 omnis
1058 1628 1110 1685 liic
1125 1631 1285 1704 exereitus,
1302 1645 1373 1705 pau·

298 1713 344 1768 cis
359 1709 523 1774 dumtaxat
534 1711 678 1796 exceptis,
699 1734 721 1773 a
739 1712 882 1774 batua
895 1715 1051 1790 canemus,
1071 1715 1320 1794 iatermcicruqas
1330 1707 1374 1767 de·

296 1796 377 1855 letus
394 1809 447 1857 est.
697 1794 700 1800 ’

380 1885 431 1948 89.
446 1875 502 1946 ’Ἀν
514 1876 571 1965 γιίρ
587 1878 622 1946 td
633 1877 770 1966 deceptio]
793 1879 840 1942 Ad
849 1879 1024 1943 excitandos
1040 1901 1074 1941 eo
1083 1881 1172 1961 magis
1184 1882 1313 1944 militum
1325 1877 1374 1936 ani·
1440 1891 1441 1902 ¹

295 1983 378 2040 mos,
397 1965 585 2046 Nicephorus
607 1969 746 2050 martyrii
769 1967 948 2027 desiderium
967 1967 1026 2028 iliis
1048 1967 1183 2048 inspirat.
1226 1967 1307 2028 Hanc
1321 1983 1375 2024 ese·

294 2050 453 2112 dulitatem
466 2051 518 2110 diu
529 2051 588 2112 late
599 2052 758 2113 invaluisse
771 2051 909 2134 pluribus
924 2051 1113 2133 comprobari
1127 2062 1228 2132 petest
1242 2049 1374 2130 exemplis.

294 2133 371 2195 Vide
392 2136 572 2196 Bollandum
593 2137 677 2202 Tem.
703 2139 753 2199 Ν.
777 2139 1021 2218 1un.peg.658.
1043 2146 1074 2198 et
1087 2137 1173 2199 Tom.
1192 2137 1230 2202 V.
1255 2155 1317 2222 peg-
1335 2137 1374 2199 dl·

293 2219 500 2282 mabillonium
517 2221 627 2285 tnnnl.
642 2224 726 2283 Tom.
742 2221 793 2282 ΙΙΙ.
806 2241 874 2306 pag.
888 2227 961 2290 227.
1042 2267 1044 2271 ,
1069 2229 1072 2236 '

376 2311 429 2374 97.
452 2307 616 2388 Κροτεῖτοο]
638 2307 674 2368 in
693 2307 801 2367 Codice
828 2307 873 2366 sic
897 2327 960 2367 esse
975 2306 1123 2388 seriptum
1143 2305 1275 2368 videtur.
1314 2303 1377 2363 Cor-
1441 2373 1442 2382 ρ

292 2389 391 2450 nelius
409 2391 626 2452 emendandum
643 2392 759 2452 censuit
777 2395 938 2473 spessime
959 2391 1027 2467 sed,
1049 2401 1083 2451 ut
1094 2391 1220 2472 opinor,
1241 2389 1318 2451 nihil
1329 2389 1377 2447 in·

291 2476 468 2535 mutandum
483 2486 538 2536 est.
581 2475 756 2556 [Dubitsbat
768 2477 934 2556 Corneliae,
954 2485 1057 2537 utrum
1073 2477 1213 2559 κροτείτω
1228 2472 1308 2562 (sic,
1327 2493 1377 2532 nou

292 2555 451 2640 κροτεῖτω)
466 2569 542 2620 esset
563 2560 597 2620 in
615 2561 743 2637 Codice,
764 2581 802 2620 au
823 2563 973 2642 κρατείτω.
1014 2561 1101 2622 Prius
1115 2562 1147 2620 in
1170 2571 1315 2621 contextu
1332 2577 1377 2617 ex·

290 2640 408 2718 hibuit3
431 2644 589 2722 Fogginius
610 2645 768 2725 posterius.
803 2645 891 2707 Unde
904 2656 1046 2730 apparet,
1069 2641 1172 2708 inhac
1191 2644 1378 2710 Annotetioae

289 2729 437 2788 nonnulle
457 2748 520 2788 esse
544 2733 676 2806 confuse.
692 2731 726 2791 F.
742 2729 777 2810 l.]

375 2818 428 2881 99.
451 2811 601 2896 Ποτρικδς
622 2812 819 2897 οίπίισμὲνοζ]
842 2815 998 2876 Cornelius
1017 2815 1111 2876 edidit
1131 2821 1299 2899 πατρικοῖς,
1318 2833 1378 2873 ver·

290 2895 398 2977 titque,
415 2919 496 2958 more
503 2903 610 2980 patrio
633 2913 783 2965 armatur.
828 2901 931 2962 Codex
950 2900 1039 2961 habet
1054 2898 1214 2982 ποτρικδς,
1238 2917 1378 2982 quamro-

290 3002 355 3040 cem
369 2985 510 3061 patrium
525 2985 652 3044 militem
662 2986 768 3046 Latine
782 2985 910 3064 reddidi,
932 3005 1054 3065 eamque
1066 2986 1225 3045 lectionem
1244 3007 1278 3046 eo
1295 2975 1378 3044 libeu-

288 3065 351 3126 tius
364 3069 539 3150 recepimus,
555 3069 637 3148 quod
652 3071 745 3150 magis
760 3089 829 3131 cum
844 3071 980 3151 sequenti
994 3091 1084 3132 versu
1101 3069 1268 3130 cohaereat.
1290 3071 1378 3144 Quum

288 3151 370 3211 enim
382 3151 444 3222 ,hie
461 3155 542 3212 dicet
552 3153 755 3238 Mespheres,
778 3155 860 3236 quod
875 3157 999 3236 quisque
1012 3156 1145 3236 patrium
1162 3157 1289 3215 militem
1310 3163 1379 3214 sata·

287 3245 341 3314 gat
355 3257 386 3298 so
400 3240 565 3313 ostendere,
580 3239 673 3318 addit,
687 3261 744 3300 nec
757 3240 1088 3302 dedecoretliomannm
1103 3241 1275 3320 Imperium.
1294 3239 1379 3301 tanta

287 3319 399 3402 σμένος
416 3335 491 3383 vero
513 3323 627 3384 dietum
650 3335 695 3386 est
710 3325 762 3386 hie
783 3345 839 3406 pro
865 3325 1002 3406 ὁπλίτης,
1025 3325 1275 3405 quemadmodum
1290 3323 1379 3388 eadem

288 3405 404 3467 ratione
418 3405 491 3482 rode
507 3407 541 3472 lv
563 3403 668 3484 desiere
686 3409 789 3471 scribit
806 3409 967 3492 aliquando
983 3409 1184 3492 Thucydides.

373 3495 445 3558 101.
468 3489 640 3576 Hesperides]
661 3493 720 3555 Hie
742 3495 888 3556 militibus
910 3497 949 3556 ad
970 3495 1182 3556 committenda
1202 3515 1274 3556 oum
1293 3489 1379 3554 hosti·

287 3570 346 3634 bue
365 3577 477 3655 praelia
494 3575 638 3638 allocutio
665 3579 843 3660 Nicephori,
868 3581 946 3642 Geco
961 3601 1034 3641 vero
1049 3581 1128 3660 opud
1142 3579 1301 3658 Virgilium
1316 3575 1379 3638 tet

256 3709 261 3716 .
288 3658 368 3723 Vlll.
387 3680 418 3720 r.
433 3661 506 3730 224·
520 3663 559 3724 ed
577 3663 774 3744 effugiendam
788 3664 924 3726 Herculis
942 3666 1019 3726 iram
1034 3668 1127 3724 timor
1143 3663 1270 3724 addua
1287 3665 1362 3724 aloa.

373 3747 444 3814 105.
464 3742 510 3810 Ου’
526 3743 588 3831 μὴν
600 3749 768 3832 παρέργως]
792 3749 942 3810 Virtutem
959 3751 1142 3811 Graecorum
1160 3749 1292 3810 militum
1306 3745 1379 3829 opfi-

287 3849 336 3890 me
355 3829 438 3891 hisce
461 3831 560 3892 vorbis
583 3835 728 3915 exprimit
750 3839 848 3914 petto.
893 3835 1001 3895 Graeci
1019 3835 1098 3895 enim
1120 3835 1285 3916 scriptores
1311 3851 1379 3906 eum,

287 3935 377 3994 quem
392 3915 429 3974 ab
444 3914 529 3976 hoste
541 3927 662 3979 strenue
676 3929 858 4001 pugnantem
875 3921 1010 3980 occisum
1026 3920 1159 3981 indicere
1174 3920 1290 3996 velunt,
1305 3917 1379 3998 ieret

179 4047 182 4054 .
287 4003 344 4062 τοῦ
365 4003 526 4083 πολεμίου,
549 4001 637 4087 ἔργον
657 4003 789 4085 πολέμου
796 4051 805 4084 ,
827 4001 879 4068 καί
903 4005 1012 4084 ξίφους
1036 4005 1153 4066 dicunt:
1175 4011 1379 4071 renuentem,

286 4083 437 4162 mulieres,
460 4086 599 4163 inientes,
622 4097 795 4170 ceterosque
813 4089 957 4168 imbelles,
982 4111 1058 4170 quos
1070 4089 1167 4151 hostis
1177 4089 1240 4149 sine
1255 4089 1317 4149 ullo
1332 4103 1379 4145 ne·

285 4169 368 4250 gotio
390 4190 426 4228 ac
450 4173 534 4252 quasi
557 4173 641 4234 aliud
660 4195 749 4254 agens
773 4173 934 4254 interficit,
957 4175 985 4235 ei
1005 4171 1156 4258 πάρεργον
1178 4175 1272 4234 sectos
1296 4171 1378 4240 aiunt,

286 4253 324 4313 ad
347 4254 444 4316 caedis
471 4257 642 4320 facilitatem
665 4257 903 4338 significandam.
939 4260 984 4320 ite
1011 4260 1092 4320 senio
1115 4259 1284 4319 coniectum
1307 4253 1378 4316 Pria·

285 4359 384 4419 mum,
409 4339 482 4405 dum
505 4364 522 4406 e
543 4343 754 4428 Neoptolemo,
775 4355 899 4408 strenuo
921 4343 1053 4426 sortique
1072 4345 1179 4407 iuvene
1198 4343 1312 4405 occisus
1331 4343 1377 4408 ac
