3038 4796
154 265 157 272 ’
247 321 325 396 eso
443 324 679 398 nxcuurrs
697 325 763 394 ux
782 323 954 396 meros.
974 327 1161 399 sumunt
1224 275 1244 370 ss

242 481 290 550 'ex
305 487 460 548 annalibus
478 485 542 548 eiua
554 485 768 550 Halebensibus
787 506 857 550 cum
872 485 1072 570 scriptoribus
1092 511 1194 552 rerum
1206 491 1353 574 Byzanti·

248 611 357 656 norum
373 609 546 672 comparare
560 591 666 656 velint.
700 625 703 632 ·

332 694 483 774 Excerpts
496 713 535 755 ex
550 693 658 775 quovis
671 701 796 756 auctore
815 693 974 776 separatim
987 691 1128 774 exhibui,
1149 685 1209 759 boc
1222 699 1352 780 potissi-

247 817 330 861 mum
352 796 477 858 consilio
486 843 496 876 ,
517 806 553 858 ut
566 789 686 858 facilius
705 797 886 878 intelligeret
901 799 1015 876 lector,
1038 819 1114 879 quae
1129 800 1166 862 de
1183 823 1352 882 quoquere

247 911 328 982 gestu
342 902 466 981 quisque
477 900 585 963 trudat.
626 899 750 962 Auctis
766 902 961 984 superuacuis
973 903 1118 964 addendis
1134 925 1240 964 msnus
1255 905 1351 966 absti-

245 1009 316 1086 nui5
344 1007 467 1068 minime
487 1003 567 1084 euim
589 1011 673 1066 retus
701 1023 767 1064 sum
776 1047 786 1080 ,
807 1002 890 1064 huno
919 1005 993 1068 mihi
1022 1006 1126 1068 detuns
1151 1027 1213 1068 esse
1237 1007 1353 1087 locum,

246 1120 283 1172 ut
301 1109 502 1190 cognitionem
523 1106 692 1168 litterarum
707 1105 906 1168 Orientalium
927 1109 1164 1191 qualemcunque
1181 1109 1348 1190 probarem,

245 1233 344 1294 neque
359 1213 453 1274 ullam
476 1197 544 1270 cun's
560 1209 759 1292 scriptoribus
781 1211 927 1273 historiae
942 1213 1127 1292 Byzantinee
1145 1212 1349 1294 comparatio-

243 1337 315 1382 nem
340 1314 478 1393 institui,
504 1313 620 1396 quippe
645 1315 728 1396 quod
749 1313 825 1377 fines
852 1314 1032 1400 provinciae
1058 1315 1134 1376 mibi
1154 1317 1349 1380 demandatae

166 1471 168 1478 .
244 1419 410 1482 excederet.

331 1524 450 1602 Restat,
471 1529 508 1583 ut
526 1521 623 1585 tribus
635 1523 735 1586 verbis
752 1522 851 1586 dicam
868 1523 905 1586 de
920 1523 1125 1602 Seiieddeuls,
1149 1521 1270 1584 domino
1284 1523 1349 1586 Ha-

244 1625 321 1704 lebi,
351 1637 437 1708 petre
462 1625 754 1706 Saehd-sddaulse,
784 1628 871 1688 cuius
892 1629 1010 1710 saepius
1037 1629 1072 1689 in
1093 1627 1174 1688 bisce
1199 1629 1347 1710 excerptis

244 1731 359 1794 mentio
377 1733 455 1790 fecta
472 1739 528 1791 est.
571 1730 725 1790 Oriundus
743 1731 770 1790 is
786 1731 845 1791 fuit
860 1751 897 1792 ex
909 1733 1003 1793 nobili
1016 1733 1129 1793 familia
1144 1731 1348 1792 Hemdauidb

245 1855 333 1912 rum,
362 1835 411 1894 cui
430 1854 541 1894 nornen
559 1831 692 1894 inditum
713 1843 758 1894 est
780 1835 817 1894 ab
841 1845 981 1910 auctore,
1003 1837 1176 1914 Hamdeno,
1199 1855 1256 1895 svo
1281 1834 1347 1893 Sei-

245 1937 413 2012 feddsulee.
455 1939 527 1998 Post
542 1938 627 1999 varia
646 1939 707 1998 iate
726 1938 812 1998 annis
828 1937 958 2020 denique
977 1943 1040 2006 333
1059 1949 1089 1999 et
1104 1939 1185 2017 334,
1207 1938 1260 2019 qui
1274 1936 1349 1996 inei.

245 2039 323 2100 duut
339 2039 372 2099 in
393 2062 487 2102 annos
506 2063 538 2122 p.
562 2041 631 2102 Chr.
654 2063 685 2102 n·
707 2043 771 2110 944
794 2052 825 2103 et
847 2043 929 2120 945,
959 2041 1065 2102 Halebi
1090 2043 1210 2123 eiusque
1234 2040 1348 2100 ditione

243 2143 360 2223 potitus
376 2145 626 2222 eetSeiieddauln‚
641 2146 741 2225 ibique
755 2165 879 2225 regnum
895 2165 984 2205 suum
1001 2144 1157 2205 stabilivit.
1180 2141 1347 2226 (cttbult

244 2245 330 2305 Tem.
346 2246 382 2322 ll,
397 2265 429 2328 p.
445 2248 517 2315 435.
536 2250 640 2311 Select.
662 2269 701 2310 ex
715 2247 787 2312 hiat.
804 2237 871 2308 Hsl.
886 2269 918 2330 p.
933 2253 977 2316 37
988 2269 1071 2329 seqq.
1088 2249 1127 2308 ci.
1144 2247 1215 2310 edit.
1229 2259 1295 2308 not.
1310 2248 1348 2308 ad

238 2345 325 2429 ·h.1.)
349 2350 471 2430 Saepius
490 2351 626 2430 regiones
639 2353 827 2412 Graecorum
845 2353 997 2414 lacessivit
1013 2351 1158 2434 susceptis
1176 2351 1348 2433 expeditio·

243 2447 351 2528 nibus,
375 2469 449 2530 quse
466 2451 583 2533 longius
600 2453 740 2536 persequi
762 2455 799 2514 ab
814 2453 957 2516 hocloco
971 2455 1101 2516 alienum
1117 2456 1204 2516 soret.
1235 2451 1347 2538 (Abulf.

245 2551 268 2612 1.
280 2554 302 2613 l.
319 2573 347 2634 p.
362 2553 441 2631 4573
463 2553 541 2632 4615
564 2557 637 2622 467.
664 2557 776 2618 Elmeo.
790 2580 822 2639 p.
837 2559 916 2635 2753
932 2559 1034 2640 psit?
1047 2581 1127 2640 seqq.
1141 2581 1172 2641 p.
1188 2563 1251 2626 286
1265 2579 1348 2640 seqq.

244 2653 413 2735 Abulphur.
426 2675 459 2735 p.
470 2656 530 2722 195
546 2653 620 2738 seq.)
634 2657 772 2719 Mortuus
788 2667 832 2718 est
847 2679 926 2722 suno
940 2664 1012 2732 356.
1036 2662 1150 2748 (ebuli.
1159 2685 1191 2747 p.
1207 2663 1280 2731 493.
1289 2664 1347 2724 Sel.

246 2773 286 2816 ex
296 2755 368 2818 hist.
383 2755 450 2820 Hel.
465 2779 494 2836 p.
507 2761 577 2824 138.
593 2759 706 2824 Elmec.
718 2783 750 2842 p.
765 2757 853 2845 280.)

331 2856 511 2920 Mentionesn
521 2861 727 2922 Seifeddsulae
742 2863 845 2924 iniecit
852 2865 911 2926 Leo
921 2860 1055 2957 (libuli,
1072 2873 1165 2952 csp.1
1181 2903 1220 2917 -
1235 2871 1277 2951 5.)
1292 2872 1347 2934 sub

245 2959 367 3022 nomine
388 2959 585 3042 Chambduni,
608 2965 628 3026 i.
644 2985 668 3030 e.
682 2965 849 3046 Hannoni,
871 2970 954 3049 quod
970 2991 1034 3032 nen
1048 2971 1125 3053 ipsi,
1147 2973 1201 3034 sed
1213 2995 1269 3036 avo
1285 2994 1347 3036 no-

244 3083 317 3125 suen
332 3061 400 3124 fuit.
440 3065 488 3126 Ad
503 3069 741 3150 expeditionem,
762 3071 872 3152 deque
889 3073 946 3135 ll.
962 3073 1038 3134 dicit
1057 3076 1134 3152 Leo,
1155 3077 1347 3139 referendum

246 3175 293 3228 est
311 3177 487 3250 excerptum
502 3189 540 3229 ex
557 3171 778 3253 Abulpbsragio
788 3219 797 3252 ‚
823 3174 906 3254 quod
921 3175 1023 3237 stetim
1043 3179 1080 3238 ab
1099 3179 1188 3240 initio
1208 3179 1330 3242 exhibui
1336 3212 1346 3269 3

245 3271 370 3333 eandem
383 3271 602 3354 expeditionem
618 3287 786 3336 memorent
798 3277 946 3340 Abulfeda
961 3267 1247 3364 escendentibus,
1269 3303 1348 3366 quu-

245 3395 315 3438 rum
328 3377 420 3436 verba
436 3375 467 3435 h.
489 3375 510 3435 l.
532 3377 630 3456 legere
649 3377 731 3440 haud
748 3381 922 3460 gravabitur
942 3384 1047 3470 lector.

324 3479 588 3560 Gemaleddinusp.
599 3483 676 3548 134:
693 3483 800 3559 „Anno
814 3485 877 3552 343
885 3488 933 3546 vel
946 3489 1009 3556 349
1018 3489 1205 3552 Seiieddouls
1213 3492 1348 3572 regiones

248 3579 432 3641 Graecorum
443 3581 563 3646 invasit.
586 3582 697 3661 Quum,
710 3587 811 3646 multis
817 3587 986 3650 incolarum
995 3593 1111 3670 occisis,
1124 3594 1287 3673 multisque
1298 3613 1347 3652 cs-

247 3681 320 3762 ptie‚
331 3679 443 3762 praede
455 3677 586 3763 potitus,
600 3706 656 3766 per
669 3689 818 3767 angustias
832 3691 1123 3771 Magbnrae-Alcohl
1134 3697 1233 3758 redire
1247 3696 1347 3756 animo

247 3782 370 3844 haberet
383 3793 413 3844 et
426 3804 530 3845 versus
545 3807 593 3851 eas
609 3787 668 3848 iter
680 3789 814 3851 flecteret
821 3839 830 3871 ,
852 3795 947 3856 Leoni
959 3796 1023 3857 iilio
1036 3797 1155 3860 Phouse
1173 3801 1348 3878 domestico,

241 3885 300 3964 qui
317 3885 356 3947 nd
368 3886 437 3946 illes
458 3886 558 3969 ipsum
571 3904 788 3972 praecesserat,
810 3897 954 3961 occurrit.
996 3899 1112 3962 Prselio
1131 3903 1175 3964 ibi
1189 3905 1347 3968 commisso

249 3987 436 4049 Seiieddaula
460 3991 607 4060 vincitur.
655 3995 764 4056 Hostes
787 3997 1044 4064 Muisrmmedanis
1066 4007 1206 4086 prsedsrn
1229 4017 1348 4090 captum

248 4090 406 4172 eripiunt,
449 4093 590 4158 thesemo
623 4097 905 4183 impedimentisque
937 4105 1143 4168 Seiieddsulss
1179 4109 1348 4189 potiuntur.

248 4193 336 4254 Mulli
352 4193 384 4252 in
400 4193 461 4256 boc
475 4197 592 4277 praelio
614 4199 708 4260 vitam
728 4203 889 4284 amittunt,
911 4217 942 4268 et
955 4209 1188 4272 Abu-Ferssus
1208 4211 1350 4272 Alhsrst-

247 4315 299 4356 sus
315 4295 495 4360 ben-Sabid
514 4299 739 4364 ben-liamdun
755 4306 896 4394 captiuus
918 4308 1032 4389 iectus,
1054 4310 1092 4373 sb
1113 4307 1252 4376 hostibus
1272 4313 1349 4376 car-
