3038 4796
427 374 487 441 AD
508 372 794 444 NICEPHORUM
813 370 1010 454 PHOCAM·
1196 365 1270 440 361

182 535 254 596 otto
281 532 316 594 in
335 531 421 594 nullo
449 529 599 610 dispares,
626 540 760 612 temporo
785 530 928 592 distentu
948 539 1082 605 tautum,
1103 529 1192 591 simul
1213 530 1273 592 hoc

180 635 330 718 praesenti
343 627 475 714 tempore
489 632 730 694 exterminabunt
745 654 903 712 onagrum,
924 633 957 692 id
971 642 1016 692 eat
1027 631 1192 692 silvestrem
1211 633 1273 694 asi-

180 758 255 798 num
268 736 487 818 Nicephorum:
510 734 563 814 qui
576 755 639 796 non
650 735 814 813 incongrue
828 734 957 796 advestri
973 734 1056 794 asino
1075 743 1274 813 comparatur,

181 840 220 902 ob
238 859 346 901 vanam
366 847 396 910 et
419 837 539 898 manem
559 836 699 914 gloriam,
725 837 931 916 incestumque
956 835 1099 908 Dominae
1123 843 1153 894 et
1183 835 1274 896 Com-

181 941 284 1004 matris
307 960 379 1001 suae
402 938 582 1016 coniugium.
623 940 655 998 Si
676 959 784 1018 onager
805 939 861 1000 iste
878 958 960 1000 nunc
979 958 997 996 a
1016 936 1102 995 leons
1124 943 1154 996 et
1174 936 1303 996 catuloE

182 1053 287 1106 nostro
309 1043 436 1130 ottone,
457 1049 487 1100 et
507 1041 634 1118 Ottone,
656 1052 740 1122 patre
756 1041 887 1117 scilicet,
910 1050 939 1100 et
959 1037 1039 1115 filio,
1058 1037 1197 1118 Augustis
1213 1039 1277 1096 llo-

181 1165 338 1206 manorum
351 1142 583 1224 imperatoribus
596 1143 807 1206 exterminatus
820 1163 881 1204 nou
897 1142 1003 1218 suerit,
1024 1159 1082 1198 nec
1096 1139 1179 1218 quod
1196 1138 1277 1219 Hip·
1375 1179 1379 1186 ·

181 1248 305 1327 polytus
326 1245 446 1326 scripsit
462 1265 566 1305 verum
581 1247 655 1310 erit:
676 1250 859 1309 Graecorum
881 1245 959 1307 enim
978 1243 1032 1302 illa
1048 1241 1184 1322 superior
1199 1240 1278 1301 abii-

183 1348 286 1408 cienda
300 1347 509 1428 interpretatio
523 1357 578 1408 est.
620 1350 694 1427 Sed,
717 1369 735 1410 o
750 1350 819 1410 lesu
833 1351 928 1425 bone,
954 1347 1033 1406 Deus
1046 1352 1188 1421 aeterne,
1200 1343 1276 1405 Ver-

181 1450 255 1511 bum
273 1450 388 1528 Patris,
409 1449 462 1530 qui
477 1450 563 1510 nobis
578 1451 709 1530 indiguis
729 1453 861 1532 loqueris
880 1469 943 1512 non
965 1467 1059 1523 voce,
1080 1445 1133 1508 sed
1146 1444 1280 1525 inspira·

181 1551 281 1622 tione,
302 1553 419 1614 nullam
434 1552 521 1612 aliam
532 1552 818 1634 interpretationem,
837 1573 924 1632 quam
936 1571 1032 1620 meam
1045 1547 1149 1614 inhac
1158 1557 1280 1608 senten-

181 1651 224 1712 tia
236 1652 323 1716 velia.
363 1651 436 1714 Iube
455 1655 550 1718 utleo
574 1663 604 1715 et
624 1657 743 1724 catulus
765 1655 817 1716 isti
833 1654 919 1714 hune
938 1650 1154 1727 exterminent,
1174 1660 1204 1710 et
1217 1649 1280 1710 hu-

181 1755 299 1814 milient
319 1745 462 1834 onagrum
482 1776 625 1836 corpore,
647 1766 792 1836 quatenus
810 1756 843 1815 in
866 1775 897 1814 aa
914 1737 1068 1832 reversus,
1087 1751 1277 1832 dominisque
1294 1755 1390 1812 cota

182 1855 245 1916 auis
270 1855 381 1916 basilio
404 1866 434 1917 et
456 1856 651 1918 Constantino
672 1856 905 1938 Imperatoribus
925 1855 1080 1933 subditus,
1100 1855 1133 1916 iu
1152 1855 1200 1918 die
1216 1856 1278 1915 llo-

181 1955 257 2016 rnini
276 1958 401 2039 spiritua
423 1959 463 2020 sit
484 1961 595 2022 salvus.
638 1959 696 2022 Sed
715 1958 886 2020 bruonomi
903 1957 965 2018 hoc
987 1957 1066 2018 idem
1086 1957 1125 2020 ,tle
1141 1957 1226 2020 vebia
1247 1967 1279 2020 et

180 2058 349 2140 Nicephoro
365 2062 593 2142 praenunciant.
627 2063 695 2138 Res,
712 2062 841 2142 inquam,
857 2061 948 2130 mira..
977 2061 1051 2120 Cum
1068 2060 1198 2139 quodam
1212 2081 1279 2122 sum

181 2160 300 2222 locutus
313 2160 493 2224 Asuonomo
501 2208 511 2241 ,
533 2165 585 2244 qui
596 2174 745 2242 vestram,
766 2162 884 2224 Domini
899 2161 958 2222 mci
971 2161 1113 2241 Augusti,
1133 2163 1278 2242 ¹aequiro-

183 2262 269 2342 cique
281 2263 376 2324 restn'
396 2265 520 2344 Augusti
540 2267 681 2344 sormam,
702 2285 815 2343 mores,
839 2273 976 2338 ut'aunt,
996 2283 1067 2326 vere
1085 2263 1162 2324 dixit
1169 2287 1177 2340 ς
1201 2284 1278 2324 cun-

183 2373 289 2446 ctaque
320 2386 387 2426 mea
410 2367 571 2448 praeterita
600 2368 685 2448 quasi
712 2367 880 2448 praeseutia
904 2365 993 2426 dixit.
1041 2366 1104 2426 Nec
1124 2365 1279 2446 praeteriit

183 2464 340 2546 quisquam
356 2469 534 2550 amicorum,
557 2472 608 2535 rel
622 2470 828 2549 inimicorum,
850 2467 1010 2546 dequibus
1022 2487 1105 2527 mens
1120 2467 1194 2528 mihi
1205 2487 1279 2546 sug·

182 2573 274 2649 gessit
293 2581 329 2633 ut
347 2573 579 2650 interrogarem,
594 2573 687 2634 cuius
709 2572 861 2648 habitum,
882 2569 1011 2632 sormam
1033 2579 1062 2629 et
1090 2591 1187 2632 mores
1216 2590 1279 2630 non

184 2671 303 2734 diceret.
344 2674 502 2754 Quidquid
513 2675 688 2736 calamitatis
707 2673 782 2735 mihi
796 2673 855 2734 hoc
868 2671 905 2733 in
920 2671 1029 2734 itinere
1046 2671 1174 2752 accidit,
1194 2674 1277 2734 t'utu-

183 2793 252 2834 rum
278 2795 339 2836 eras
362 2776 522 2860 praedixit
573 2778 618 2838 stt
644 2776 834 2836 mendacium
860 2794 949 2836 omen
977 2773 1036 2852 ³¹),
1072 2775 1154 2854 quod
1181 2773 1308 2850 dirius

184 2897 294 2949 unum,
315 2898 440 2958 quaeso,
467 2878 655 2938 solummodo
686 2877 728 2938 sit
748 2896 869 2952 verum,
892 2875 975 2952 quod
993 2895 1049 2936 roa
1065 2895 1128 2936 esse
1147 2877 1281 2936 facturos

184 2978 359 3060 Nicephoro,
367 2978 526 3061 praedixit,
547 2978 601 3040 snt
614 2977 739 3054 utinam,
760 2977 875 3039 utinam
889 2976 952 3050 fiat,
974 2985 1004 3034 et
1016 2985 1079 3036 tum
1095 2977 1140 3036 nil
1151 2999 1198 3036 ms
1210 2977 1282 3036 mali
1396 3013 1403 3024 ·

183 3102 306 3163 passum
321 3101 383 3142 esse
398 3078 570 3156 intelligam.
591 3077 701 3138 Scribit
712 3077 965 3160 etiampraetatus
978 3079 1171 3159 Hippolytus,
1186 3082 1281 3140 Grae-

186 3205 237 3244 eoa
254 3206 318 3246 non
331 3183 435 3244 debere
451 3184 630 3258 Saracenos,
651 3179 703 3240 red
721 3179 851 3240 Francos
875 3190 1042 3240 conterere:
1070 3201 1128 3259 qus
1153 3182 1282 3240 lectione

185 3286 323 3354 Saraceni
343 3284 480 3360 animati,
502 3293 571 3344 ante
588 3281 753 3348 triennium
775 3302 842 3342 cum
861 3281 998 3345 Manuele
1020 3283 1170 3360 Patricio,
1189 3285 1280 3344 Nice-

184 3386 274 3468 phori
286 3397 410 3468 nepote,
430 3387 530 3446 iuxta·
541 3386 672 3466 Scyllam
691 3393 722 3444 et
743 3383 924 3464 Charybdim
939 3383 972 3442 in
988 3385 1063 3444 mari
1076 3384 1192 3467 Siculo,
1214 3385 1281 3444 bel·

185 3488 248 3548 lum
264 3498 390 3570 parant3
412 3489 500 3548 cuius
520 3489 678 3548 immensas
699 3485 801 3566 copias
824 3508 893 3546 cum
914 3485 1161 3566 prostravissent,
1181 3487 1282 3568 ipsum

147 3633 152 3645 .
185 3590 491 3670 comprehenderunt,
521 3589 677 3672 capiteque
702 3599 845 3650 truncum
862 3583 907 3669 ³¹³)
937 3588 1167 3669 suspenderunt:
1194 3589 1281 3650 cuius

184 3691 299 3777 socium
315 3701 344 3752 et
357 3693 590 3754 commilitonem
604 3711 673 3752 cum
688 3699 844 3771 caperent,
866 3691 919 3771 qui
931 3693 1066 3754 neutrius
1080 3701 1143 3752 erat
1157 3692 1281 3772 generis,

185 3792 322 3852 occidere
342 3804 415 3854 sunt
437 3791 606 3874 dedignati,
629 3793 681 3852 sed
702 3793 839 3852 vinctum
860 3815 895 3854 ac
917 3795 1007 3874 longa
1031 3795 1164 3856 custodia
1184 3814 1284 3854 mace-

184 3903 284 3955 ratum
301 3896 378 3956 tanti
395 3896 612 3966 vendiderunt,
635 3895 737 3974 quanti
756 3913 814 3954 nec
835 3895 934 3956 ullum
946 3895 1118 3964 huiuamodi
1140 3897 1309 3961 mortaleac

185 3997 249 4084 sapi
271 3997 377 4082 capitis
397 4007 535 4082 emerent.
578 3998 640 4057 Nec
660 3995 821 4061 infirmiori
843 3997 963 4076 animo,
990 3999 1091 4061 eadam
1114 3998 1305 4074 confirmati
1360 4077 1363 4082 ἱ
1403 4063 1410 4078 ,

183 4097 322 4178 teodone,
343 4098 426 4162 haud
439 4102 535 4186 multp
547 4111 617 4183 post
631 4099 770 4182 Magistro
785 4100 994 4164 Exarchontae
1009 4110 1182 4180 occurrunt,
1195 4121 1283 4182 quam

218 4268 268 4368 ¹3¹1)
285 4279 358 4356 Fert
376 4257 457 4357 omae.
478 4261 558 4356 ¹Circe·
629 4301 677 4372 82)
695 4300 766 4356 Fert
783 4251 939 4358 lruiicatum.
961 4258 1048 4358 biars
