3038 4796
253 385 332 462 572
480 385 495 472 ⁵,
565 385 836 462 Lustratum
854 389 1057 461 LEGATIO

253 563 342 636 rant,
369 549 544 634 mvigantaa
570 550 816 635 decimoquinto
843 551 884 614 ad
905 549 1055 635 coriphus
1072 551 1278 636 pervenimus,
1306 549 1362 614 nbi

253 669 324 722 anta
341 659 428 721 navis
449 653 649 738 egressionem
673 657 808 719 occurrit
822 655 910 716 nobis
927 665 1073 736 strategos
1093 655 1217 736 quidam
1231 654 1361 717 tttehaet

253 760 393 838 nornine,
416 757 613 822 chersionitis
628 781 646 820 a
659 761 728 822 loco
746 759 864 822 scilicet
880 757 1050 820 Chersone:
1074 754 1166 819 bomo
1183 757 1250 841 ipss
1266 777 1361 818 canus

165 917 167 928 ,
252 863 367 947 capite,
388 863 464 924 tacta
476 861 597 940 hilaris,
618 864 883 938 sermonobonua,
904 861 970 923 risu
984 881 1100 943 semper
1111 859 1275 938 iucundus,
1297 859 1359 939 sed,

116 1001 118 1007 ·
251 975 289 1029 ut
299 975 369 1049 post
381 965 497 1047 patuit,
523 975 623 1028 mente
643 966 796 1028 diabolus:
819 963 901 1046 qood
917 974 948 1027 et
960 966 1041 1026 Deus
1056 963 1167 1047 apertis
1182 961 1258 1024 mibi
1268 981 1360 1023 mon-

251 1069 362 1132 stravit
379 1069 519 1145 indiciis,
541 1069 568 1130 si
582 1089 648 1131 mea
667 1079 744 1131 tuno
758 1087 843 1128 mens
858 1065 919 1127 boc
936 1066 1082 1148 potuisset
1096 1065 1263 1145 coniicere;
1286 1085 1360 1127 mox

178 1178 181 1184 '
251 1173 348 1252 anim,
369 1181 407 1234 ut
428 1191 552 1253 pacem,
580 1191 669 1258 quam
688 1171 780 1232 corde
800 1189 864 1230 non
887 1169 1017 1246 serebat,
1043 1167 1120 1228 mibi
1141 1169 1246 1230 osculo
1264 1167 1358 1248 dedit,

247 1283 315 1337 tota
334 1272 486 1356 'coriphus
501 1293 609 1354 magna
622 1273 739 1336 scilicet
753 1273 854 1334 insula
880 1272 1023 1333 tremuitt
1048 1291 1108 1333 nec
1132 1272 1232 1334 solum
1256 1273 1359 1351 semel,

223 1373 309 1438 Dsod
329 1384 376 1436 ter
391 1375 494 1448 eadem
515 1376 566 1438 die
584 1377 773 1458 pertremuit.
815 1377 948 1456 Postque
972 1373 1110 1436 triduum
1131 1385 1248 1454 autem,
1276 1375 1360 1436 deci-

139 1483 199 1543 cat
214 1487 235 1544 2
250 1499 301 1542 mo
316 1477 423 1559 quinto
437 1479 555 1560 scilicet
565 1480 692 1542 Kalend.
707 1479 893 1556 Decembris,
916 1477 989 1538 dum
1003 1477 1036 1537 in
1047 1497 1150 1538 mensa
1165 1479 1284 1560 positus
1299 1499 1359 1561 pa·

120 1607 132 1628 -·
249 1603 321 1646 nem
343 1581 547 1662 comederem,
569 1583 624 1669 qui
639 1581 802 1664 ampliabat
815 1579 908 1662 super
922 1599 970 1641 me
987 1580 1161 1640 calcaneum
1176 1601 1279 1658 suum,
1299 1600 1359 1646 ve-

250 1683 432 1749 recundstus
446 1686 492 1744 sol
504 1677 626 1747 facinus
640 1694 702 1746 tam
716 1682 873 1762 indignum
891 1681 971 1743 lucis
988 1703 1060 1746 snae
1074 1683 1175 1745 ratlios
1190 1683 1356 1762 abscondit,

150 1851 155 1859 ,
250 1797 283 1850 et
301 1787 429 1868 eclipsin
443 1783 488 1871 ⁴¹)
510 1809 614 1870 passus
643 1785 822 1849 Micbablem
844 1786 932 1848 illum
951 1789 1062 1849 terruit
1081 1787 1134 1849 sed
1156 1807 1220 1848 non
1240 1787 1358 1846 immu-

249 1890 338 1953 tavit.
373 1889 485 1951 Dicam
502 1911 588 1971 ergo,
611 1891 685 1973 quid
706 1891 754 1952 illi
773 1911 861 1952 causa
880 1890 1030 1952 amicitiae
1053 1889 1192 1969 fecerim,
1215 1889 1357 1971 quidnam

249 1991 288 2056 ab
306 2011 341 2054 eo
360 2013 418 2075 pro
431 1995 708 2075 recompensatione
729 1994 923 2077 perceperim.
965 1993 1045 2054 llum
1062 1992 1357 2075 Constantinopolim

249 2091 472 2174 ascenderem,
488 2097 567 2158 illud
586 2107 721 2161 vestrum
744 2099 993 2181 pretiosissimum
1018 2106 1138 2157 scutum
1161 2098 1237 2158 miro
1265 2113 1358 2179 opere

250 2199 427 2262 deauratum
447 2208 478 2260 ct
506 2199 703 2280 fabricatum,
729 2204 812 2282 quod
831 2201 906 2263 mibi
926 2197 1048 2260 Domini
1073 2200 1133 2260 mei
1151 2199 1278 2280 Augusti
1300 2199 1356 2260 de-

251 2302 354 2381 distis,
377 2301 502 2364 caeteris
526 2323 595 2364 cum
617 2305 809 2382 muneribus,
829 2315 866 2365 ut
888 2303 992 2364 amicis
1009 2302 1083 2364 meis
1103 2303 1224 2364 Graecis
1242 2303 1354 2378 duem,

249 2403 315 2466 filio
331 2405 427 2486 ipsius
441 2404 568 2466 contuli.
611 2405 700 2466 Nunc
712 2407 1005 2489 Constantinopolim
1023 2405 1142 2468 rediens
1156 2414 1273 2488 patrem
1286 2404 1357 2487 psl-

249 2505 295 2567 lio
319 2506 431 2567 donari
449 2504 681 2587 pretiosissim03
708 2529 766 2589 pro
786 2510 897 2591 quibus
919 2509 1056 2570 omnibus
1073 2509 1182 2588 gratias
1203 2507 1356 2590 distribuit

224 2607 410 2672 Beluamodi.
453 2607 581 2688 Scripsit
594 2597 798 2690 Nicephorus,
820 2621 855 2672 ut
875 2632 1063 2694 quacumque
1082 2611 1159 2673 bora
1180 2629 1212 2672 se
1232 2611 1356 2690 adirem,

250 2709 361 2790 absque
372 2729 457 2768 mora
470 2708 628 2769 chelandio
641 2710 813 2792 impositum
825 2715 918 2775 Leoni
929 2717 1083 2778 Kitonitae
1096 2715 1250 2794 dirigeret3
1272 2713 1357 2794 quod

248 2809 317 2892 ipsa
331 2829 402 2870 non¹
412 2809 505 2872 feeit:
526 2831 633 2872 verum
652 2813 757 2874 diebus
773 2815 883 2895 viginti
896 2839 945 2881 ans
957 2829 1111 2882 retentum
1124 2839 1187 2878 non
1202 2817 1280 2894 suis,
1303 2817 1356 2878 sed

250 2911 385 2995 propriis
407 2933 455 2974 ms
476 2913 633 2996 stipendiis
661 2917 754 2996 aluit,
786 2917 883 2980 donec
908 2923 1078 3005 apraeiato
1099 2923 1199 2983 Leone
1217 2921 1356 2983 Kitonita

249 3016 379 3076 nuncius
392 3016 493 3092 vonit,
518 3017 573 3098 qui
586 3017 674 3079 illum
687 3039 742 3081 cur
754 3033 998 3103 memoraretur,
1020 3025 1199 3105 obiurgavit.
1241 3023 1355 3087 Varum

250 3137 322 3182 oum
347 3117 569 3198 obiurgationes
599 3141 695 3199 mma,
725 3123 872 3205 lamenta,
904 3136 934 3187 at
955 3127 1082 3210 suspiria
1104 3147 1171 3189 maa
1190 3128 1270 3189 sarrs
1291 3145 1355 3189 non

195 3303 199 3312 ,
248 3231 369 3302 posset,
390 3222 530 3296 recessit,
552 3242 659 3303 meque
679 3223 797 3288 homini
811 3237 873 3288 tam
888 3227 994 3310 iniquo
1011 3239 1042 3290 et
1055 3229 1186 3311 pessimo
1205 3249 1355 3292 common·

250 3323 351 3402 davit,
373 3333 410 3386 ut
433 3332 571 3405 sumptus
590 3326 697 3387 saltem
718 3349 766 3390 me
786 3349 883 3392 emero
898 3351 961 3392 non
981 3331 1185 3413 permitteret,
1215 3332 1313 3394 donec
1335 3350 1355 3392 a

248 3445 298 3487 ms
318 3428 482 3501 cortinam,
504 3425 597 3489 libras
616 3431 731 3510 argenti
746 3433 844 3514 pretio
862 3434 999 3514 dignam,
1022 3435 1189 3517 acciperet:
1212 3443 1244 3496 et
1262 3453 1355 3516 quum

247 3537 322 3609 post
336 3524 447 3608 viginti
469 3529 533 3589 dies
555 3529 628 3592 indo
650 3531 852 3614 discederem,
880 3537 1009 3599 nuncius
1027 3537 1112 3620 ipse,
1133 3537 1185 3600 cui
1204 3536 1355 3599 cortinam

247 3628 399 3711 dederam,
419 3635 562 3696 nauclero
576 3637 674 3718 iussit,
695 3647 733 3698 ut
745 3647 814 3720 post
825 3640 987 3719 acroteria,
1008 3640 1042 3702 id
1052 3649 1098 3702 ast
1108 3637 1354 3722 promontorium

249 3731 421 3817 quoddam,
443 3755 491 3797 ma
507 3739 639 3820 positum
659 3742 738 3804 lame
754 3741 854 3823 perire
869 3741 1065 3823 permitteret.
1106 3743 1175 3805 Hoc
1195 3750 1297 3802 sutem
1316 3759 1354 3802 so

221 3835 341 3915 ciscit,
371 3837 514 3917 quoniam
536 3861 575 3902 ns
600 3863 752 3926 purpuras
779 3843 919 3908 haberem
942 3843 1145 3924 absconditas,
1172 3865 1238 3906 mss
1260 3843 1355 3926 pallis

247 3939 419 4018 regyravita
449 3959 489 4002 ex
512 3943 620 4024 quibus
646 3947 720 4009 dum
738 3969 835 4010 unum
854 3947 948 4010 saltas
964 3947 1115 4030 accipere,
1140 3967 1204 4008 non
1224 3946 1353 4029 accepit.

248 4040 277 4104 0
301 4041 481 4122 michaeles,
517 4044 692 4127 blichatles,
721 4050 773 4110 ubi
802 4069 857 4112 vos
886 4059 934 4112 tot
964 4051 1055 4112 simul
1080 4051 1215 4133 talosque
1236 4049 1353 4132 reperit

247 4153 349 4206 costos
376 4165 463 4210 mens
488 4147 542 4210 ille
567 4150 918 4235 Constantinopolitanus
940 4149 1083 4218 ldiobsbli
1103 4170 1167 4216 ouo
1191 4152 1283 4218 rivali
1302 4169 1353 4216 ms

281 4293 523 4426 “infamem
544 4317 611 4360 suno
634 4303 698 4360 solis
720 4303 829 4382 eclipsin
843 4307 888 4365 22
905 4303 1056 4364 Deostnbtis
1078 4305 1250 4382 caropoatss
1270 4306 1355 4363 sau·
