2956 4800
309 423 313 438 ·
358 415 362 426 ·
416 461 422 468 .
468 399 758 474 'PRAEFATIQ
1134 414 1195 468 m

83 616 85 624 ,
109 585 161 626 uno
172 562 259 626 modo
272 562 453 646 mautringi
466 564 544 628 aoiea
557 562 669 639 mutis
680 563 760 624 aolet
771 561 898 624 aaeculia
910 561 1001 626 cultio
1014 573 1044 628 et
1057 560 1194 644 eruditio,

107 668 205 730 nedum
228 667 341 748 asperia
369 677 400 729 et
426 667 631 728 tenebricosis.
673 666 816 745 Accedit,
846 677 880 729 ut
898 667 1007 728 Leonis
1026 657 1106 731 aetia
1130 669 1196 730 elo-

108 771 246 850 quentiam
265 780 393 851 poneret
411 771 446 831 iu
466 769 593 850 florida,
615 778 651 830 ut
666 768 709 828 ita
731 767 848 847 dicam,
870 770 1019 831 oratioue:
1041 791 1110 832 cum
1128 791 1194 832 ma-

105 893 181 952 gnam
199 873 369 953 aequisque
383 873 418 933 in
434 871 561 934 dicendo
585 872 705 933 laudem
723 871 865 953 adeptum
881 881 1015 952 putaret,
1037 872 1078 952 ai,
1100 874 1196 936 multa

105 975 252 1033 nemetim
275 975 452 1056 complexua
472 984 663 1052 ornamenta,
684 973 823 1056 poeticae
841 973 982 1036 dictionis
997 975 1195 1036 aemulatione

105 1075 297 1155 grandioribua
313 1077 434 1164 verbio,
455 1087 487 1174 et
498 1078 592 1156 duris,
613 1098 653 1139 ne
667 1077 777 1166 ineptia
793 1077 899 1151 dicam,
920 1076 1102 1160 metaphoric
1118 1087 1195 1140 earet

103 1199 174 1242 uiua.
217 1179 314 1259 Atque
328 1177 417 1254 haud,
426 1180 488 1240 ecio
514 1201 615 1241 aunon
628 1181 788 1261 quicquam
801 1179 895 1259 magio
909 1178 1053 1240 historiae
1070 1180 1193 1258 officiat,

105 1299 181 1360 quam
202 1281 322 1342 fucatur
347 1283 493 1344 eiuamodi
520 1282 583 1344 aine
602 1281 747 1361 dignitate
769 1281 870 1344 color:
897 1283 1016 1364 quando
1037 1283 1079 1344 ita
1099 1283 1192 1342 nimio

103 1383 332 1444 calamistrorum
349 1405 406 1445 usu
419 1385 534 1445 incedit
547 1385 642 1445 oratio
650 1431 660 1463 ,
681 1395 717 1444 ut
731 1393 760 1444 et
774 1385 904 1446 sermoni
917 1385 1002 1466 lepoa
1016 1383 1114 1446 omnia
1128 1383 1195 1445 adi·

103 1493 204 1563 matur,
226 1495 256 1546 et
278 1507 382 1547 rerum
404 1486 588 1568 expositioni
602 1486 684 1552 fider.
726 1486 763 1546 Id
781 1485 891 1546 vitium
904 1487 980 1565 Leo,
1000 1487 1195 1548 tametainou
1279 1549 1290 1560 ,
1396 1543 1404 1554 ,

103 1585 165 1648 adeo
184 1588 319 1648 insaniat
338 1609 429 1668 quam
449 1588 693 1670 Theophylactua
715 1589 880 1673 Simocatta
897 1598 949 1648 ant
969 1589 1088 1650 Nicetes
1108 1589 1194 1650 cho-

101 1689 183 1750 uiatea
204 1691 260 1772 (in
281 1691 469 1752 orationibus
489 1691 667 1774 praecipue,
690 1691 744 1750 ubi
759 1691 934 1771 cumprimis
948 1692 1074 1770 cupiunt
1089 1691 1194 1754 diaerti

102 1791 219 1874 videri),
243 1793 375 1872 effugere
389 1779 586 1856 tamon'omni
599 1815 638 1854 ex
651 1801 736 1874 parte
750 1813 811 1852 non
825 1791 934 1872 potuit,
955 1793 1110 1872 feliciaque
1127 1796 1194 1854 for-

104 1899 170 1954 tarre
195 1895 312 1975 ingenii
333 1915 455 1956 curcum
478 1896 627 1978 oppreaait
647 1896 725 1956 illud
739 1905 883 1974 tauquam
900 1892 1038 1974 adipatae
1051 1894 1193 1956 dictionia

103 1997 228 2062 etodium.
276 1999 411 2078 Cumque
423 2020 440 2057 a
454 1999 532 2059 Divo
552 2001 641 2077 Iulio,
666 1998 763 2080 primo
780 1998 821 2056 De
835 1995 990 2074 analogia,
1013 1997 1128 2058 dictum
1144 2000 1193 2076 ait,
1210 1979 1212 1984 Ι

103 2105 228 2180 tauquam
253 2101 416 2181 scopulum
428 2099 471 2160 aic
489 2101 666 2190 fugiendum
680 2099 852 2160 inauditum
867 2109 956 2180 atque
969 2099 1102 2160 incolens
1120 2121 1194 2162 ver·
1298 2123 1302 2130 ·

104 2199 160 2262 bum
176 2223 254 2282 erae,
278 2203 339 2263 Leo
354 2211 460 2263 contra
477 2203 564 2283 quari
579 2203 723 2283 quaedam
738 2211 840 2262 cautes
857 2201 1033 2263 reformidat
1048 2201 1195 2262 vocabula

104 2303 193 2364 idonea
210 2316 240 2366 et
255 2306 377 2370 usitata.
420 2305 533 2366 Vocem
545 2299 677 2386 ύόελφύς
694 2326 764 2366 raro
779 2314 922 2385 uaurpat:
945 2302 1122 2364 creberrime
1136 2296 1200 2372 ού,-

103 2401 254 2487 ridtipor,
276 2404 432 2490 ὁμαίμων,
454 2403 609 2490 σύναιμος.
653 2407 759 2484 Πύλον,
781 2403 894 2468 τελέθοι
915 2403 970 2487 (ut
991 2413 1071 2476 certe
1085 2403 1193 2485 ecripai

103 2510 145 2574 ffl-
158 2511 210 2588 (1.),
226 2507 330 2587 τελέω,
345 2504 483 2593 duriore),
499 2509 623 2592 πέφηνοι
638 2508 702 2597 (60.
717 2511 752 2569 D.
766 2511 817 2574 93.
831 2503 891 2592 A),
906 2505 1037 2586 πέφνον,
1053 2507 1195 2588 χρηματί-

106 2609 145 2686 ἶο,
161 2615 207 2674 vel
219 2613 356 2694 quidvis,
367 2614 471 2694 potina
488 2613 610 2675 adhibet
622 2633 712 2692 quam
727 2611 805 2692 εἰμί·
828 2603 1029 2690 domitorem,
1043 2607 1195 2690 ὄιενηχὲω,

106 2711 257 2792 διενοτίζω,
273 2713 519 2796 ἐνωούζω,ροῑίοο
534 2737 624 2797 quam
636 2707 748 2778 ύκούω.
769 2712 880 2774 Puaaim
892 2732 1011 2792 quoque
1024 2709 1124 2772 verbis
1138 2731 1195 2772 ve-

106 2816 179 2878 buna
200 2839 215 2878 e
230 2816 393 2900 pobtiaqne
414 2819 508 2880 crutis
521 2817 687 2880 orationem
702 2823 847 2896 tauquam
859 2813 954 2874 stellio
968 2807 1023 2900 (ut
1035 2813 1092 2874 uibi
1104 2813 1194 2875 vide-

103 2916 162 2999 ns)
182 2930 284 2983 ornat.
311 2917 474 3004 ‘tbeuyoir
492 2929 544 2990 22·
564 2921 599 2986 A.
620 2917 753 3000 arripuit
777 2938 815 3005 en
836 2917 969 2997 Odyaaea
987 2916 1021 2980 E.
1043 2915 1115 2984 404.
1139 2913 1195 2975 ubi

105 3035 173 3082 nunc
189 3025 317 3105 legimur
337 3003 472 3107 intepet.
503 3023 606 3102 Νέων,
627 3020 760 3098 νούσοιο,
781 3019 879 3088 2213.
897 3018 1118 3098 egrammatico
1136 3018 1195 3078 ali-

107 3139 162 3202 quo,
176 3129 287 3209 opinor
300 3119 377 3209 (vid
392 3125 685 3208 perepicaciecimum
695 3126 824 3184 Graecae
839 3120 1032 3203 proprietatio
1048 3119 1196 3180 arbitrum

106 3221 174 3292 ffid.
194 3230 273 3310 Aug.
293 3232 389 3292 wolf.
409 3219 642 3312 Prolegom.1V.
664 3224 749 3309 18.)=
772 3224 832 3286 niai
845 3224 888 3284 ibi
902 3223 985 3283 dicae
998 3218 1077 3284 reoiv
1089 3221 1195 3299 legeu-

107 3323 182 3409 iuna,
202 3333 328 3413 eiuaque
347 3335 475 3414 gloaaam
495 3353 559 3396 eoae
571 3330 746 3410 ἰκμλησίον,
769 3326 916 3388 exciditne
931 3335 1030 3384 autem
1044 3315 1195 3404 ύφικύμε·

106 3451 162 3508 νος,
180 3437 228 3524 χεΙ
251 3437 313 3497 tale
335 3437 459 3518 aliquid.
493 3433 610 3516 Ὀχθος
622 3437 672 3500 32.
690 3431 721 3492 G.
737 3427 955 3509 significatione
967 3429 1069 3507 ripae,
1090 3445 1193 3487 rarum

107 3542 157 3610 fit,
175 3539 222 3600 vel
235 3539 445 3632 apudpobtae.
486 3539 618 3601 Verbum
636 3535 805 3596 obsoletum
824 3528 980 3613 προσέπω,
1002 3529 1194 3612 ιιιιᾶοποοσ-
1315 3542 1319 3551 “

108 3644 203 3718 νοεῖν,
222 3641 316 3704 habet
337 3647 389 3710 99.
401 3643 437 3704 B.
481 3642 541 3702 Sed
556 3641 627 3700 nolo
642 3637 755 3697 multuo
768 3633 866 3696 videri
885 3632 919 3692 in
936 3629 986 3711 re}
1008 3653 1099 3713 quam
1114 3631 1196 3692 inter

108 3731 249 3817 legendum
271 3743 478 3824 ununquiaque
497 3742 586 3805 facile
605 3753 661 3822 per
672 3759 703 3799 ae
718 3735 844 3798 notabit.

177 3843 241 3910 vll.
266 3844 360 3908 Aliud
379 3846 487 3907 Lecuia
507 3845 618 3906 vitium
635 3851 680 3902 ert
699 3857 937 3920 synonymorum
956 3855 1035 3898 vana
1050 3853 1196 3896 accumu-

110 3936 186 4026 lttio.
219 3949 325 4009 Sicubi
345 3939 585 4033 οοβαρεούμενος
604 3943 727 4025 scripsit
746 3941 816 4026 (13.
832 3937 905 4022 A.),
927 3959 1084 4020 neprrum
1100 3937 1196 3998 multa

111 4047 188 4107 verba
201 4052 291 4112 eciam
301 4051 450 4129 videatur,
471 4050 616 4112 continuo
633 4057 663 4107 et
676 4036 882 4128 γαυρούμενος
895 4040 1056 4120 aubiungit,
1071 4048 1101 4100 et
1113 4037 1197 4104 tour·

112 4138 221 4227 tirno}
234 4177 266 4218 τε
276 4153 330 4218 καὶ
343 4146 578 4238 βρενθυόμενος.
619 4150 669 4210 sic
683 4145 809 4228 cingulis
825 4165 920 4228 paene
933 4143 1060 4225 paginis.
1109 4141 1199 4202 Eine-

113 4249 181 4310 ¹1¹0<li
197 4257 367 4338 tautologiio
388 4254 535 4318 cumulati
549 4263 621 4316 eunt
635 4250 800 4334 Byzantini·
812 4257 914 4308 ontnea
932 4245 1022 4308 medii
1037 4241 1121 4304 revit
1141 4261 1199 4304 neu

114 4347 161 4412 ”iti
174 4364 304 4441 tempore
316 4359 563 4440 Palaeologorum
578 4355 615 4416 ab
639 4353 806 4416 acrioribus
827 4349 954 4431 ingeniia
969 4345 1121 4410 Demetrio
1137 4345 1199 4426 Cy·
