2994 4796
399 345 446 412 IN
467 343 624 412 LEONIS
646 340 829 410 DIACONI
850 341 930 408 LtB.
955 339 996 464 Χ.
1168 330 1243 404 509

147 527 199 580 το,
221 499 282 584 ἤδη
297 497 406 568 tornis
414 496 596 581 φθάσαντας
607 521 644 584 τη
633 498 803 584 ’μανία
766 522 820 576 της
827 491 1056 608 θηριωδίας’
1014 501 1116 562 assio
1128 497 1181 562 καί
1192 497 1248 580 μί-

146 613 195 670 χρι
212 593 269 650 τοῦ
290 589 452 694 σεβασμίου
470 585 611 690 τεμένους
626 587 688 646 τοῖν
707 588 798 729 τριῶν
815 583 910 668 ἆγίοιν
926 607 1101 684 μαρτυροιν,
1124 581 1246 662 Χιόνης,

147 667 288 776 Εἰρήνης
308 673 360 734 καί
377 666 517 754 ’Λμάπης
557 664 673 750 Οττερ,
704 667 746 740 εδς
766 669 843 743 lore,
874 662 1046 749 βραχυτάτῳ
1071 663 1247 747 διαστηματι

146 763 202 821 τοῦ
219 781 275 836 της
288 750 403 830 πόλεως
418 757 532 859 τείχους
546 743 705 858 οἷφέστηιιε
749 752 812 815 Καί
826 750 865 833 δη
881 753 965 860 μέχρι
977 757 1091 815 πολλοῦ
1105 756 1159 832 τῆς
1172 753 1241 833 η’μί-
1248 760 1274 816 D

147 867 203 922 ρας
218 839 471 942 συρρηγνυμένων
488 833 666 920 α’μφοτίρον
682 832 838 940 istisin,
860 839 912 900 καί
928 861 981 911 τας
997 832 1114 912 διοίξεις
1127 836 1180 900 καί
1194 835 1249 911 τρίς

146 926 271 1033 apione
284 921 551 1006 ἒττιιιινδονοίτερον
564 925 643 987 oi
606 947 660 1003 της
679 917 794 1004 πόλεως
808 927 835 998 *)
856 917 1179 1030 orontonotnoa'usvot,
1196 919 1248 986 διδ

147 1009 182 1075 τὰ
196 1035 309 1084 noveno
325 1015 380 1074 τοῦ
395 1015 455 1074 sois
474 1004 660 1090 Entellinus
676 997 785 1081 ἔθνους
799 1031 831 1071 το
823 1005 1031 1082 inituros*
1011 1014 1125 1082 ονθος,
1149 1006 1190 1080 οἷς
1203 1007 1248 1069 εί-

148 1120 235 1196 ρηται
242 1141 252 1172 ,
273 1119 345 1169 τους
358 1090 707 1177 αντιπαρατασσομένοος
717 1093 951 1197 καθεστηκέναι
971 1091 1064 1166 τέλος,
1088 1086 1250 1198 αντῆςτου
1276 1099 1278 1108 ’

149 1176 298 1284 μρίρτορος
310 1186 366 1262 τῆς
381 1181 550 1255 ἐπιστασίας
563 1172 804 1258 ἐπιφανείσης,’
784 1201 841 1241 αντε
836 1173 960 1288 διοίχθη
974 1203 1006 1240 το
999 1171 1229 1259 βοίρβαρον’
1190 1201 1249 1238 αυ-

148 1290 203 1370 της
214 1265 325 1368 ἡμέρας
336 1268 478 1353 τοῖντῇδε
495 1271 603 1367 pennu,
616 1263 813 1366 inoxaosjoat
827 1256 903 1350 ᾗπερ
920 1261 1110 1366 είσὲβοίε**)
1134 1261 1197 1324 Καὶ
1210 1258 1248 1325 ssi

75 1352 79 1362 '
149 1348 205 1451 μὲν
217 1355 271 1430 τῆς
285 1345 352 1414 τότε
363 1329 566 1458 γεγενημένης
582 1345 809 1434 αἰτροσδοιιήτον
826 1349 877 1412 nai
896 1344 1072 1430 θηριώδους
1086 1347 1250 1428 ἐπιδρομῆς

150 1459 230 1499 ουτω
240 1439 441 1515 συνετελέσθη.
464 1437 501 1496 Η.
516 1457 540 1498 e.
552 1469 595 1482 -
610 1435 853 1514 Triumplsatoris
865 1435 961 1493 buius
975 1445 1002 1491 et
1016 1436 1137 1492 σι’νίίαίί
1153 1431 1251 1492 dediti

149 1523 294 1600 martiris
310 1523 461 1581 Demetrii
477 1521 683 1598 diemfestum
699 1520 809 1601 agebat
827 1523 909 1598 regio
924 1522 1038 1594 onmis,
1061 1530 1097 1576 ut
1119 1541 1250 1578 consue-

148 1617 215 1681 rat,
243 1603 292 1665 die
306 1627 406 1669 xxr1.
427 1609 538 1664 mensis
554 1607 700 1666 Octobris.
743 1605 793 1665 Ita
807 1626 877 1662 cum
895 1625 993 1662 omnes
1014 1565 1228 1662 litetarentur'
1216 1625 1251 1662 sn

59 1755 64 1776 ρ
149 1693 287 1771 Spiritu,
310 1689 396 1770 quod
416 1693 567 1769 implesset
585 1693 742 1750 Dominus
756 1691 861 1769 preces
882 1709 1037 1747 servorum
1055 1692 1169 1767 ipsius,
1198 1687 1250 1746 di·

145 1797 283 1856 gnosque
309 1775 445 1840 duxisset
469 1797 518 1834 eos
537 1779 647 1856 gratia
670 1777 836 1853 Martyris,
859 1775 921 1832 late
934 1777 1015 1850 susa
1031 1795 1126 1852 pace,
1148 1777 1251 1832 itaut

148 1882 208 1919 υοιε
222 1860 258 1918 de
272 1861 414 1919 barbaris
429 1865 549 1920 omnino
571 1882 721 1940 nusquam
738 1871 813 1918 tuno
826 1857 1037 1934 exaudiretur,
1060 1857 1110 1916 die
1118 1859 1250 1935 festivi-

149 1947 225 2002 tatis
239 1945 350 2022 altero,
371 1945 473 2004 subito
488 1944 589 2004 media
601 1957 686 2004 noete
703 1967 737 2003 ex
752 1945 949 2024 dispositione
969 1947 1108 2002 coronati
1124 1946 1251 2002 victoris

150 2027 213 2108 (sic
231 2033 311 2087 enim
329 2029 429 2088 dicere
440 2033 598 2110 persuasit
614 2031 693 2089 mibi
706 2043 827 2089 eventus
844 2029 921 2112 rei),
944 2033 1012 2109 igni
1027 2041 1193 2108 correptum
1208 2040 1251 2088 est

148 2125 289 2172 sanctum
303 2117 371 2173 eius
385 2115 535 2174 ciborium
546 2127 736 2195 argenteum,
757 2115 793 2174 de
807 2137 867 2196 quo
881 2137 969 2194 saepe
984 2117 1124 2194 superius
1136 2137 1249 2173 merno-

148 2199 647 2302 ravimus.1doumpertotum
666 2201 769 2260 urbem
783 2201 868 2260 brevi
878 2201 1128 2280 percrebruisset,
1149 2221 1271 2259 omnes.

148 2287 335 2364 niaximeque
351 2297 450 2344 aetate
469 2290 603 2346 iuniores
618 2308 650 2345 co
667 2280 898 2362 concurrerunt,
921 2307 974 2366 qut
969 2285 1073 2344 'ob'
1042 2288 1156 2346 utrium
1170 2287 1249 2344 inte-
1261 2278 1272 2286 '¹

145 2373 293 2451 gritatem
306 2371 390 2430 nullo
402 2375 520 2451 negotio
531 2373 643 2452 pellere
656 2393 797 2430 somnum
806 2333 946 2452 possient.
989 2371 1018 2432 Ii
1031 2391 1101 2430 cum
1115 2381 1161 2429 tot
1174 2391 1249 2430 eoa-

149 2454 261 2532 derent,
281 2467 315 2514 ut
323 2477 403 2536 prae
413 2455 612 2518 multitudine
624 2460 852 2516 sanctissimum
864 2455 1025 2516 delubrum
1038 2455 1249 2533 obstrueretur,
1281 2495 1286 2512 τ

148 2552 310 2621 argentum
330 2563 414 2602 omne
431 2545 499 2623 igni
523 2545 727 2624 liquefactum
744 2565 801 2623 per
816 2547 1025 2624 pavimentum
1043 2531 1158 2620 fusum
1175 2553 1251 2619 erat,

148 2647 248 2705 aquae
265 2630 345 2686 ritu:
366 2627 462 2707 idque
481 2628 617 2710 undique
632 2631 712 2690 velut
721 2629 912 2710 fluminibus
928 2626 1102 2688 inundabat
1119 2649 1253 2706 magnus

148 2711 367 2790 amphorarum
379 2735 533 2775 numerus.
574 2713 610 2774 A
619 2715 729 2794 quibus
741 2713 871 2802 denique
883 2717 946 2774 Dei
955 2711 1252 2794 providentiaflam-

148 2815 217 2852 mae
244 2808 422 2894 superatum
443 2799 618 2878 periculum
641 2811 695 2860 est.
747 2795 817 2859 Non
845 2811 968 2870 tantum
997 2801 1078 2858 enim
1101 2801 1253 2858 anxietate

148 2899 251 2938 omnes
269 2881 302 2938 in
317 2879 552 2959 desperationem
565 2888 669 2942 mersit
690 2885 800 2944 ciborii
814 2883 988 2943 incendium
995 2894 1177 2964 ,quantum
1193 2905 1254 2941 me.

148 2975 219 3042 tus,
241 2965 419 3044 nestamma
435 2967 568 3026 lacunar
582 2971 722 3027 ecclesiae
739 2973 915 3049 attingeret,
937 2931 1032 3026 corilo
1050 2971 1254 3048 spectantium
1333 2975 1335 2980 ’

147 3012 347 3110 emdcerabat.
389 3049 430 3111 Id
440 3055 588 3110 nimirum
600 3075 668 3112 cum
681 3052 843 3112 accidisset
857 3051 966 3134 (timor
976 3055 1071 3130 enim,
1093 3073 1154 3132 quo
1167 3064 1254 3111 erant

143 3139 316 3217 perterriti,
339 3135 484 3195 subiitl
456 3137 543 3212 illos,
565 3150 601 3196 ut
622 3136 864 3197 demonstratum
884 3148 943 3214 est,
966 3137 1003 3196 ob
1016 3140 1154 3215 ferream
1181 3159 1255 3222 eque

138 3225 280 3302 fastigio
299 3222 410 3282 ciborii
426 3243 606 3301 suspensam
624 3235 779 3300 catenam,
800 3221 880 3283 unde
893 3183 1044 3303 pendebat
1057 3223 1151 3280 mult
1125 3233 1166 3280 tes
1181 3223 1254 3280 illu·

148 3309 224 3364 stris
237 3308 406 3368 luminibus
407 3319 578 3409 argenteae
599 3309 825 3388 tuncpbarus:
841 3329 1016 3389 perquem,
1037 3311 1104 3368 ritu
1125 3306 1253 3366 conuol-

147 3391 217 3452 vuli
223 3436 232 3468 ,
253 3396 386 3453 emicans
399 3397 483 3475 ignis
499 3398 648 3476 attingere
651 3397 818 3473 fornicem,
835 3405 863 3454 et
880 3393 1031 3469 calathos,
1046 3413 1121 3474 quos
1133 3403 1253 3468 vocant,

148 3477 313 3535 amburere
325 3483 456 3560 coepit):
479 3491 547 3538 tum
566 3501 635 3541 vero
657 3483 811 3558 nonnulli,
836 3481 920 3538 a'e'rio
942 3500 1038 3538 cursu
1057 3479 1183 3560 agiliter
1196 3497 1255 3558 per

148 3562 250 3620 trabea
271 3563 425 3642 volantes,
446 3569 534 3624 vasis
554 3565 765 3644 compluribus
788 3587 874 3646 aqua
891 3563 995 3644 plenis
1016 3567 1084 3624 Deo
1105 3563 1253 3623 obsecun-

147 3647 242 3706 dante
250 3647 410 3724 llammum
422 3663 677 3730 conpescuerunt.
724 3647 788 3734 (ΙΙ.)
810 3655 887 3710 Post
901 3649 977 3708 leaeo
992 3671 1061 3710 cum
1073 3651 1181 3730 ingens
1194 3649 1254 3707 illa

147 3735 197 3793 vis
209 3733 370 3792 bominum
391 3755 451 3795 non
471 3735 650 3814 discederet,
671 3735 727 3796 sed
743 3741 829 3796 intus
842 3733 990 3813 maneret,
1011 3755 1064 3794 nec
1080 3738 1134 3815 qui
1150 3735 1253 3814 abige·

146 3829 215 3878 rent
229 3829 287 3876 aut
302 3832 429 3900 propter
447 3825 547 3880 noctis
568 3824 781 3902 intempestum
789 3824 943 3901 facessere
960 3821 1034 3881 binc
1046 3820 1253 3896 hortarentur,

139 3902 328 3984 persuadere
346 3905 383 3964 id
402 3906 602 3966 multitudini
617 3920 756 3987 possent,
775 3905 920 3986 formido
942 3907 1040 3966 subiit
1060 3907 1219 3964 nonnullis
1240 3927 1256 3964 e

145 3989 345 4048 curatoribus
359 3995 491 4072 augusti
502 3993 617 4072 templi,
639 4015 676 4052 ne
691 3997 748 4075 qui
764 3995 874 4074 ignoti,
896 4013 966 4052 cum
978 3993 1015 4051 ob
1027 3989 1257 4050 multitudinem

144 4073 305 4136 bominum
317 4088 590 4158 corsgregatorurn,
611 4090 678 4139 tum
697 4079 763 4140 οδ·
749 4099 853 4162 ipsam
865 4089 998 4154 nomem,
1018 4081 1169 4160 surripere
1188 4087 1256 4136 ten-

178 4258 208 4330 *)
224 4261 257 4316 Α.
275 4258 303 4318 oi
320 4281 371 4330 τον
360 4253 568 4334 ὀίδίοφόρονι

179 4346 224 4418 **)
242 4349 277 4405 Α.
292 4346 385 4421 μέρον
404 4350 470 4422 [iic]
487 4347 522 4410 oi
538 4343 613 4424 παρ’
629 4347 742 4424 δίίρους
757 4343 948 4426 δαομρῆσσν
963 4340 1036 4427 ἥπερ
1055 4346 1207 4424 uisitator.
