2994 4796
244 409 247 416 »
287 359 362 438 528
483 370 523 442 tt.
543 371 589 442 Μ.
609 367 810 438 FOGGINII
829 367 1175 442 ADNOTATIONES

268 565 275 580 ·
368 527 400 596 4.
422 527 484 592 Kal
497 527 565 608 aspi
580 532 635 610 τῆς
647 532 703 592 τοῦ
719 526 837 591 Χαλὲπε
852 526 920 608 etc]
943 527 1086 588 Confecto
1103 528 1222 590 Cretico
1235 525 1319 590 bello
1338 529 1398 590 Ni.

287 613 452 695 cepborum
479 615 518 676 ad
534 614 657 696 Chalepi
683 614 933 697 expugnationem
957 633 988 673 se
1001 613 1164 674 contulisse
1179 616 1315 674 omnium
1329 616 1396 674 Hi-

252 699 466 761 -storicorum
487 719 634 760 consensu
653 707 767 762 certum
789 707 850 773 est3
873 709 904 758 et
917 697 997 757 hanc
1009 699 1230 780 expeditionem
1244 700 1318 758 dum
1336 701 1394 760 ills

285 795 413 863 gereret,
436 787 586 846 Romanus
608 783 692 846 obiit.
734 784 839 864 Itaque
863 805 931 842 curn
945 783 1110 864 Chalepum
1133 795 1351 864 expugnasset,
1374 805 1393 844 ι

284 868 507 950 Theophanone
529 870 663 959 Augusta
684 869 812 928 Romani
829 889 925 928 uxore
945 879 1103 930 revocatus
1115 879 1159 928 est
1171 870 1392 929 Constantino-

283 956 387 1036 polim,
410 955 460 1014 ubi
472 955 509 1014 dc
526 965 654 1033 utraque
668 953 805 1029 victoria,
828 954 943 1014 Cretica
959 975 1066 1032 nempe
1079 965 1109 1014 et
1124 953 1310 1035 Chalepensi,
1333 976 1390 1014 so-

282 1041 410 1099 lemnem
438 1040 498 1118 egit
524 1037 721 1119 triumphum.
768 1038 833 1096 Hac
854 1039 1012 1099 occasione
1030 1038 1216 1099 Theodosius
1237 1039 1390 1100 Acroases

282 1145 351 1186 suas
368 1122 539 1206 Nicephoro
560 1125 702 1184 obtulisse
720 1123 860 1200 videtur,
883 1132 913 1183 et
934 1124 1003 1204 quia
1026 1123 1211 1184 solummodo
1223 1125 1390 1185 victoriam

282 1209 428 1268 Creticam
449 1210 482 1268 in
507 1209 549 1269 eis
570 1210 784 1286 celebraverat,
808 1209 1019 1291 Chalepensem
1042 1211 1130 1269 etiam
1144 1209 1305 1269 victoriam
1324 1211 1389 1270 alio

278 1295 430 1375 podmatio
453 1315 483 1354 se
510 1294 729 1354 celebraturum
750 1295 885 1375 spondet.
928 1294 1021 1368 Vide,
1045 1315 1120 1373 quae
1140 1293 1198 1353 hac
1221 1295 1257 1354 ‹l‘s
1279 1315 1314 1356 re
1340 1296 1391 1354 su·

280 1379 343 1438 sius
364 1379 396 1437 in
417 1377 531 1438 Monito
551 1377 751 1439 disseruimus.
795 1379 936 1460 [blepum
956 1379 1088 1458 antiquis
1103 1379 1239 1441 Berroea.
1262 1379 1315 1442 noi
1331 1375 1391 1442 cdv

262 1487 267 1496 ·
279 1461 401 1526 Λέοντα
422 1461 455 1526 di
475 1460 529 1527 τὸν
544 1467 656 1526 Φωνᾶν
668 1459 719 1527 τᾶν
732 1467 788 1526 τοῦ
803 1460 984 1546 Νικηφόρον
1002 1462 1151 1544 ὁμαίμονα
1163 1461 1239 1527 sarri
1250 1467 1308 1526 τοῦ
1317 1468 1390 1526 Xe·

279 1549 398 1630 μαδᾶν,
420 1543 455 1622 iic
467 1553 524 1612 τοῦ
546 1543 649 1611 Xoiterc
668 1541 798 1627 iupiter,
820 1545 996 1630 ὅῬωμανδς
1018 1545 1075 1611 adv
1097 1544 1226 1628 δυνάμει
1243 1543 1390 1612 ἐπέστει-

279 1638 320 1696 λε.
364 1635 493 1694 Zonaras
512 1635 545 1692 iu
561 1634 669 1696 Annal.
690 1633 771 1693 XVI.
804 1633 887 1707 Quid
907 1653 980 1693 vero
994 1633 1046 1694 bic
1062 1633 1099 1693 de
1116 1631 1262 1716 Chalepe,
1287 1655 1389 1714 quum

279 1718 317 1779 de
339 1719 425 1779 Creta
439 1724 532 1799 polita
549 1729 652 1778 noster
666 1718 827 1778 statuerit?
850 1717 1088 1798 contaetus]

320 1807 324 1812 ’
362 1809 392 1870 7.
412 1803 464 1877 Ὦς
476 1803 509 1866 ἕν
521 1799 672 1888 προσώπῳ
685 1807 763 1884 γοῦν
777 1803 847 1883 etc]
869 1803 950 1864 Haec
966 1825 999 1864 ea
1012 1813 1083 1863 sunt
1095 1802 1195 1880 verba,
1218 1823 1257 1864 ex
1273 1803 1388 1882 quibus

276 1887 372 1968 liquet
387 1887 585 1949 Theodosium
599 1887 652 1947 bes
668 1889 811 1949 Acrosses
825 1889 995 1969 Nicephoro
1011 1889 1152 1950 obtulisse
1168 1899 1239 1970 post
1252 1889 1391 1948 Romani

277 1974 404 2035 obitum.
448 1973 566 2034 Videsis
583 1972 742 2035 Monitum.
780 1975 934 2033 Cornelius
955 1976 1046 2034 verba
1066 1970 1121 2037 τᾶν
1142 1969 1236 2036 πάλαι
1256 1973 1390 2055 βασιλέα

276 2056 366 2138 ἡμῶν
387 2059 484 2119 minus
498 2069 579 2118 recte
599 2058 705 2119 vertit:
727 2069 852 2118 veterem
872 2069 1011 2120 nostrum
1033 2061 1263 2140 Imperatorem,
1286 2079 1390 2140 quum

277 2141 458 2221 defumtum
477 2155 594 2206 certem
620 2143 742 2204 omnino
764 2144 922 2206 debuisset.

733 2319 942 2340 m

470 2383 477 2396 ’
540 2429 593 2496 ΙΝ
616 2381 1116 2498 rutnanacnossrn.

160 2573 217 2630 cot.
236 2577 251 2632 1
365 2567 415 2650 ap
443 2563 652 2649 φιλανθρώπῳ
674 2567 744 2648 etc]
772 2567 994 2627 Humanissimo
1016 2589 1051 2627 ac
1070 2567 1186 2649 potenti
1202 2567 1392 2647 Imperatori

272 2647 403 2726 Romae,
424 2651 557 2711 Romano
582 2651 697 2710 scilicet
718 2651 831 2712 Iuniori
852 2659 958 2731 potura
974 2673 1060 2712 suum
1083 2653 1221 2714 inscribit
1235 2652 1388 2714 Theodo-

274 2734 346 2810 sius,
368 2735 437 2814 quia
450 2735 526 2798 illud
539 2737 714 2818 perfecerat,
737 2737 810 2796 dum
826 2739 976 2798 Romanus
988 2739 1021 2796 in
1038 2739 1115 2799 vivis
1128 2739 1241 2817 agebat,
1264 2740 1389 2818 etquis

273 2819 402 2878 Romani
433 2821 517 2881 iussu
537 2822 687 2882 Creticum
707 2821 818 2881 bellum
840 2845 856 2881 a
876 2823 1047 2903 Nicephoro
1071 2835 1244 2904 susceptum
1268 2825 1387 2889 suerat.
1482 2831 1484 2850 ¹

274 2905 420 2978 Quamvis
435 2916 534 2967 nutem
555 2907 697 2968 defuncto
712 2907 771 2968 iarn
787 2909 938 2981 Romano,
961 2918 990 2968 et
1004 2910 1192 2969 solummodo
1205 2919 1241 2968 ut
1254 2907 1387 2970 blandi-

272 2999 358 3050 retur
382 2991 552 3072 Nicephoro
573 2993 757 3072 vulgaverit,
779 2992 858 3062 nihil
870 3004 970 3052 tamen
984 2993 1017 3053 in
1030 2994 1093 3054 eius
1105 2993 1303 3074 inscriptione
1319 2993 1386 3054 im·

271 3076 417 3146 mutavit,
440 3079 564 3138 fortasse
586 3099 624 3138 ne
644 3077 897 3159 Theophanonem
911 3080 1037 3138 Ilomani
1056 3101 1182 3139 uxorem
1200 3077 1385 3156 offenderet,

272 3169 302 3220 et
318 3181 355 3220 ne
368 3170 465 3221 totum
480 3165 663 3242 poematica,
675 3164 709 3223 in
722 3183 782 3243 quo
800 3173 918 3222 exstant
931 3165 1113 3243 plurimabd
1128 3167 1294 3224 Romanum
1311 3185 1387 3244 spe-

272 3247 402 3323 ctantia,
424 3247 570 3327 religeret.
614 3249 715 3321 Quare
734 3249 771 3308 de
783 3247 843 3307 boc
857 3248 1059 3328 Nicephorum
1073 3270 1193 3309 monere
1208 3249 1240 3307 in
1254 3251 1387 3309 Praefa-

269 3330 352 3391 tione
373 3353 436 3391 non
458 3334 673 3414 praetermisit,
696 3353 827 3393 asserens
849 3344 949 3392 tamen
967 3333 1005 3393 ad
1020 3354 1087 3394 eum
1102 3335 1290 3415 potissimum
1303 3355 1387 3416 spe-

270 3425 370 3492 ctare,
392 3437 467 3496 quae
484 3419 517 3477 in
531 3419 680 3500 potmatio
697 3419 905 3498 continentur,
927 3419 1030 3478 laudes
1044 3419 1222 3502 Imperatori
1237 3421 1384 3482 Romano

268 3501 401 3561 collatas.

353 3586 437 3648 Vers.
462 3594 491 3663 3,
519 3586 553 3650 ‘0
576 3587 741 3670 Σκηπίων]
772 3589 805 3650 Ρ.
831 3589 1003 3650 Cornelium
1029 3588 1201 3670 Scipionem
1230 3587 1383 3668 intellige,

248 3733 251 3738 ,
268 3673 331 3750 cui,
353 3681 389 3731 ut
402 3673 503 3751 inquit
514 3673 622 3734 Florus
638 3673 734 3734 lib.11.
748 3693 812 3755 cap.
821 3679 852 3741 6.
866 3697 899 3756 p.
911 3683 982 3751 292,
999 3687 1065 3734 tam
1077 3673 1198 3754 grande
1212 3671 1249 3732 de
1260 3673 1384 3752 Africa

268 3759 460 3833 nomenfata
478 3757 678 3819 decreverant.
722 3761 930 3820 [sadrnodum
945 3761 1062 3821 iuvenis
1077 3762 1109 3819 in
1126 3760 1255 3820 Africam
1269 3761 1383 3840 profe-
1481 3785 1482 3792 ¹

268 3853 344 3920 ctus,
367 3853 471 3903 contra
486 3843 731 3923 Carthaginenses
744 3846 858 3905 bellum
872 3846 996 3920 indixit,
1009 3847 1041 3906 in
1056 3867 1116 3926 quo
1132 3846 1206 3905 adeo
1221 3845 1383 3924 praeclare

266 3947 299 3987 se
313 3929 412 4007 gessit,
434 3938 468 3988 ut
482 3929 567 3988 brevi
582 3929 789 4009 Carthaginem
804 3931 1030 4010 expugnaverit.
1062 3931 1179 3992 Consul
1191 3941 1262 3989 ante
1276 3951 1383 3990 manoe

260 4015 389 4094 factus,
410 4013 511 4094 inquit
536 4016 602 4077 Sex.
627 4017 699 4077 hur.
720 4016 825 4075 Victor
840 4017 877 4075 de
896 4017 973 4076 Viris
986 4017 1095 4079 illustr.
1111 4037 1175 4096 cap.
1188 4017 1246 4093 49,
1267 4036 1382 4074 conoe-

157 4107 215 4164 col.
231 4109 251 4165 2
268 4097 353 4158 dente
384 4099 501 4180 collega
530 4102 564 4158 in
582 4099 729 4178 Africam
752 4102 849 4160 classe
870 4105 1002 4165 traiecit.
1046 4099 1236 4160 Asdrubalis
1263 4113 1289 4159 et
1315 4101 1381 4176 Sy·-
1480 4161 1481 4164 ,

262 4185 377 4266 plaucis
391 4197 496 4244 castra
512 4207 577 4244 una
589 4196 674 4244 nocte
684 4189 836 4265 perrupit.
880 4189 1070 4248 Iterocatum
1084 4209 1118 4245 ex
1133 4187 1230 4246 Italia
1244 4188 1379 4246 Harrei·
1480 4177 1481 4224 i

270 4270 368 4330 halem
378 4274 544 4350 superavit.
582 4271 681 4331 Victa
696 4271 990 4351 Carthaginensibus
1004 4275 1083 4352 leges
1102 4275 1258 4352 imposuit.
1299 4273 1378 4332 Ideo
1480 4327 1481 4335 ,

269 4366 369 4419 autem
392 4355 479 4418 addit
498 4355 684 4417 Theodosius
706 4363 780 4416 tunc
800 4365 899 4419 totum
914 4357 1100 4438 Carthaginis
1120 4358 1215 4419 robur
1233 4377 1296 4419 nen
1313 4355 1377 4418 sd-
