2994 4796
489 391 626 460 nunux
646 389 907 460 eumenen.
1171 375 1247 486 ope
1367 487 1369 491 Ι

145 551 278 614 Tarum
292 551 406 634 Assyrii
418 551 521 613 Oratio
544 553 580 612 ad
602 551 744 626 Graecos,
767 552 847 630 quod
862 550 938 611 nihil
954 567 1058 610 eorum
1070 550 1246 628 studiorum,

193 640 300 718 quibus
316 639 422 698 Graeci
435 638 612 717 gloriantur,
634 637 716 717 apud
735 637 816 716 ipsos
833 647 945 712 natum,
968 636 1019 694 sed
1034 635 1131 692 omnia
1147 659 1163 694 a
1177 638 1248 696 bar-

191 723 270 782 baris
294 722 417 783 inventa
431 725 507 782 sint:
530 723 569 784 ad
584 723 693 783 calcem
711 724 741 784 S.
753 723 862 782 lustini
878 721 1024 802 martyris.
1046 721 1142 778 Lutet.
1155 721 1245 785 Paris.
1283 813 1286 820 .

192 809 283 874 1615.
301 809 365 868 Fol.

149 911 308 970 Tnanassn
320 910 432 970 abbatis
449 911 609 971 Centuriae
621 911 664 971 de
676 911 820 974 charitate
837 919 866 970 et
880 909 1071 984 continentia,
1093 909 1125 968 in
1137 909 1248 968 Biblio-

189 994 277 1054 theca
297 997 420 1056 Petrum
435 998 682 1074 graeco-latina,
705 1009 777 1058 tom.
795 997 831 1059 ll.
852 994 987 1070 Parisiis,
1012 995 1104 1059 1624.
1120 995 1184 1053 Fol.

147 1099 369 1160 Tnanrsroenrs
389 1099 555 1179 Epistolae,
576 1101 740 1182 interprete
759 1100 861 1160 loann.
881 1097 1028 1159 Matthaeo
1052 1096 1262 1178 Caryophilo.'

187 1185 307 1260 Romae,
331 1189 421 1251 1626.
438 1185 469 1252 4.

146 1287 344 1438 Tnppppnrgrr
370 1287 469 1369 Opera
492 1297 547 1352 etc.
572 1333 579 1349 .
601 1332 610 1348 .
632 1333 640 1348 .
664 1333 671 1348 .
694 1287 765 1349 edit.
787 1287 813 1350 Ι.
839 1286 876 1350 A.
896 1283 1157 1346 Nereide-Halae
1176 1234 1246 1346 de.

146 1473 342 1533 Tmouorrrr
360 1473 492 1556 episcopi
515 1475 585 1555 Cyri
606 1473 738 1536 Historia
759 1473 966 1536 ecclesiastica.
993 1471 1141 1534 Hanricns
1153 1473 1246 1534 Vale-

187 1559 247 1618 sius
261 1579 366 1637 graeca
379 1560 564 1631 emendavit,
584 1560 678 1620 latine
693 1559 787 1621 vertit
801 1569 832 1620 et
850 1559 1091 1620 annotationibus
1112 1559 1246 1619 illustra.

186 1644 242 1706 vit.
255 1643 397 1721 Parisiis,
420 1648 514 1711 1678.
536 1645 601 1704 Fol.

145 1746 303 1806 Turononr
327 1745 480 1805 Abucarae
504 1747 671 1827 opuscula,
694 1747 732 1807 ad
757 1747 868 1807 calcem
893 1745 1008 1822 Hodepi
1029 1745 1176 1806 Anastasii
1197 1745 1247 1805 si-

186 1835 286 1890 naitae
299 1829 377 1889 edita
395 1830 432 1890 ab
445 1831 555 1892 Iacobo
571 1832 932 1911 Gretser0.'1ngoletadii‚
956 1835 1046 1896 1606.
1068 1831 1098 1895 4.

1 1953 15 1992 ιι
145 1933 328 1992 Turononus
343 1931 461 1990 Studita
476 1931 517 1992 De
530 1933 703 1994 inventione
719 1934 825 2014 capitis
838 1937 867 1993 S.
882 1933 1002 1993 loannis
1016 1930 1188 2006 Prodromi,
1211 1935 1246 1992 in

188 2017 271 2074 calce
292 2015 366 2074 libri
381 2017 589 2098 Dncaugiani
612 2019 713 2078 Traitt
734 2018 900 2098 historiquc
914 2019 957 2079 du
973 2017 1045 2078 chef
1063 2018 1099 2076 de
1115 2019 1143 2076 S.
1158 2019 1247 2076 lean-

188 2101 331 2181 Baptiste,
353 2109 393 2175 et,
413 2123 470 2182 par
486 2103 643 2182 occasion,
665 2103 715 2164 des
731 2113 829 2164 autres
842 2105 972 2186 reliques
986 2104 1029 2164 du
1042 2104 1137 2163 meme
1151 2101 1247 2162 Saint.

187 2185 284 2262 Paris,
307 2185 399 2252 1665.
413 2187 444 2254 4·
503 2253 504 2258 ,

143 2287 300 2350 Turonorr
315 2287 453 2369 Epitome
467 2287 685 2351 adhortationis
700 2290 872 2371 Orientalis,
889 2291 927 2354 ad
942 2293 1052 2352 calcem
1066 2293 1097 2352 8.
1113 2291 1246 2352 Clemen-

185 2375 225 2435 tis
248 2373 446 2436 Alexandrini
467 2373 537 2434 edit.
550 2375 641 2438 Paris.
660 2377 754 2444 1641.
769 2378 838 2438 Folr
924 2371 926 2378 ’

147 2472 190 2540 Tei
211 2478 564 2540 ΘΕΟΛΟΙὈΤΜΕΝΑ
586 2481 643 2558 τῆς
662 2472 883 2562 ἄριθμητικῆς,
904 2479 985 2540 edita
999 2479 1136 2558 Parisiis,
1164 2478 1246 2562 apud
1345 2513 1348 2520 r

0 2636 1 2652 χ
185 2560 385 2622 Christianum
399 2559 590 2639 Wechelum,
613 2563 704 2630 1543.
722 2565 752 2631 4.

0 2707 3 2710 >
40 2748 42 2752 .
141 2665 333 2725 Tneornrrns
354 2663 504 2738 Ceramei,
535 2662 754 2746 archiepiscopi
774 2667 1031 2741 Tauromenitani,
1057 2666 1187 2726 Homilia
1210 2666 1245 2726 in

183 2750 345 2828 Evangelia
359 2748 552 2808 dominicalia
567 2759 597 2808 et
609 2751 684 2809 leste
699 2752 793 2811 totius
808 2755 887 2830 anni,
901 2773 1005 2834 graece
1018 2762 1049 2812 et
1059 2753 1162 2830 latine,
1175 2761 1244 2812 stu-

185 2833 236 2892 dio
248 2832 402 2892 Francisci
422 2833 531 2893 Scorsi.
560 2835 694 2895 Lutetiae
710 2837 911 2914 Parisiorum,
931 2839 1023 2905 1644.
1037 2838 1101 2896 Fol.

142 2935 335 2996 'l'neornsnrs
357 2933 572 3014 archiepiscopi
589 2935 712 2996 Nicaeni
725 2939 823 3018 Opera
838 2939 952 3017 omnia,
973 2939 1137 3020 interprete
1157 2937 1243 2998 Gon-

6 3041 9 3072 ὲ
100 3029 102 3031 ’
186 3023 268 3082 salvo
283 3022 382 3081 Pence
402 3019 543 3080 deLeon.
564 3021 686 3098 llomae,
712 3024 803 3090 1590.
819 3027 851 3090 8.

141 3124 306 3185 'lucorum
334 3119 523 3202 patriarchae
545 3119 726 3182 Antiocheni
750 3125 860 3184 Contra
882 3121 1067 3183 Christianae
1091 3121 1243 3201 religionis

185 3207 413 3269 calumniatores
438 3206 477 3265 ad
491 3206 675 3286 Autolycum
696 3209 768 3270 libri
792 3218 869 3287 tres,
891 3209 930 3269 ad
949 3209 1060 3270 calcem
1088 3209 1117 3266 S.
1131 3207 1243 3268 Instini

183 3293 333 3374 martyris.
347 3295 447 3352 Lutet.
459 3291 552 3352 Pario.
570 3293 664 3358 1615.
679 3293 744 3354 Fol.

1 3371 2 3380 ¹
29 3371 48 3387 ²
140 3395 376 3547 Τιιῖἓὲἲιιέετιυε
399 3396 443 3457 De
463 3393 590 3456 historia
607 3395 798 3478 plantarum,
818 3395 891 3460 edit.
904 3395 1014 3478 Stapel.
1030 3392 1243 3470 Amstelodam.

268 3525 274 3540 ι
318 3503 358 3542 0.

93 3598 97 3611 ·
139 3581 376 3642 Tnaornrnacrr
403 3582 622 3668 archiepiscopi
650 3559 807 3662 Balgariae
828 3583 999 3665 Epistolee,
1028 3581 1100 3643 edit.
1120 3581 1244 3646 Ioannis

181 3665 313 3737 Meursii,
335 3667 369 3727 in
384 3668 462 3750 Opp.
478 3670 581 3730 loann.
593 3670 716 3730 Meursii
731 3689 770 3731 ex
784 3669 960 3732 recensione
971 3668 1075 3730 loann.
1089 3669 1243 3731 Lamivol.

181 3750 259 3813 Vlll.
277 3751 460 3832 Florentiae,
484 3755 576 3824 1746.
590 3756 656 3819 Fol.
1210 3783 1214 3790 ·

138 3853 309 3914 Tanoamrr
341 3854 514 3916 Orthodoxi
544 3855 715 3937 Disputatio
744 3876 815 3916 cum
841 3854 997 3916 catholico
1020 3855 1244 3936 Armeniorum,

182 3939 261 3999 edita
275 3959 344 4000 cum
354 3941 449 4001 latina
461 3941 600 4002 versione
615 3943 659 4006 lo.
672 3941 854 4004 Leunelavii.
871 3942 961 4005 Basil.
979 3941 1072 4008 1578.
1085 3945 1115 4006 8.

137 4037 305 4120 Trnrornrr,
327 4042 496 4123 presbyteri
509 4043 780 4126 Hierosolymitani,
804 4045 846 4102 De
859 4043 997 4113 Simeone
1011 4041 1162 4124 propheta
1174 4063 1242 4104 ora·
1259 4043 1291 4100 P.
1308 4045 1362 4101 280

180 4126 240 4204 tio,
262 4127 295 4186 ia
320 4127 506 4190 Bibliotheca
526 4129 650 4192 Petrum
668 4151 776 4212 graeco
792 4129 933 4203 -latina,
954 4137 1028 4192 tom.
1049 4129 1087 4191 11.
1108 4130 1240 4210 Parisiis,

264 4259 271 4274 .
291 4211 356 4274 Fol.

134 4211 417 4390 ndiiieomorum
430 4318 581 4402 episcopi,
596 4317 753 4401 Expositio
765 4317 798 4378 in
810 4317 996 4398 evangelium
1010 4316 1120 4394 Lucae,
1140 4317 1174 4377 in
1188 4317 1239 4377 Bi·
