3038 4796
436 333 499 404 AD
520 326 811 400 NICEPHORUM
831 325 1028 399 PHoeAm
1196 317 1271 394 551

176 505 207 556 et
226 493 371 572 liberam,
392 490 532 554 ditiorem
551 489 633 572 ipse,
655 507 691 548 ac
713 485 883 548 liberiorem
901 486 1034 550 reddat?
1056 486 1114 548 Sed
1133 486 1210 568 boc,
1231 489 1276 551 ait

175 597 303 660 Basilius
320 593 596 669 Parakimomenos,
617 591 726 668 faciat,
749 609 816 648 cum
837 589 997 650 adnutum
1011 609 1100 650 suum
1114 593 1224 670 Roma,
1245 601 1277 656 et

175 703 309 762 Romana
329 697 463 758 Ecclesia
484 693 680 754 ordinabitur.
721 693 813 770 Tum,
839 691 947 770 hemo,
975 691 1116 772 inquam,
1143 695 1275 776 quidam,

175 805 301 865 multam
324 801 361 861 ab
378 799 437 858 alio
454 815 559 878 passus
579 795 736 872 iniuriam,
756 792 805 854 his
821 793 915 854 Deum
930 813 1081 874 aggressus
1095 804 1142 856 est
1154 798 1276 860 verbis:

175 905 317 986 Domine,
336 899 459 966 vindica
477 918 524 958 me
546 897 583 955 de
598 895 766 958 adversario
783 915 859 956 meo.
902 895 958 956 Cui
971 897 1135 978 Dominus,
1155 898 1275 978 faciam,

175 1009 289 1088 inquit,
310 1009 343 1068 in
364 1008 412 1068 die
433 1027 501 1066 cum
516 1002 639 1064 reddam
654 998 818 1080 unicuique
837 998 1003 1060 secundum
1020 1021 1112 1082 opera
1130 1023 1194 1074 sua.
1234 1002 1277 1064 At

175 1111 238 1188 ille,
261 1111 356 1184 Quam
369 1109 463 1186 tarde,
484 1107 563 1167 infit.
605 1105 689 1164 Tunc
703 1121 813 1178 omnes,
835 1111 955 1182 praeter
965 1103 1105 1183 fratrem,
1128 1105 1307 1168 cachinnoB

176 1211 321 1274 commoti
345 1209 594 1292 discrepationem
617 1204 816 1281 dimiserunt,
838 1223 943 1286 meque
962 1205 996 1264 in
1010 1204 1139 1268 invisam
1154 1208 1278 1270 domum
1367 1219 1369 1224 ’

175 1314 280 1376 reduci
300 1320 532 1396 praeceperunt,
554 1327 719 1388 magnaque
741 1307 888 1368 custodiri
904 1308 1020 1390 cautela
1039 1328 1133 1389 usque
1150 1309 1184 1370 in
1200 1313 1279 1372 San-

177 1428 294 1478 ctorum
307 1416 519 1497 Apostolorum
531 1411 674 1492 religiosis
692 1409 810 1470 cunctis
827 1411 971 1470 celebrem
988 1410 1077 1472 diem.
1120 1411 1186 1487 Qua
1198 1411 1279 1474 cde-

175 1521 287 1582 britate
302 1539 351 1580 me
364 1518 435 1578 satia
454 1526 623 1598 aegrotum,
645 1532 702 1574 nec
720 1531 782 1570 uon
799 1519 830 1570 et
844 1511 1040 1590 bulgarorum
1056 1514 1201 1594 nuncios,
1223 1513 1277 1595 qui

175 1621 274 1703 pridie
295 1630 457 1698 venerant,
485 1620 524 1678 ad
547 1621 671 1678 Sanctus
699 1614 859 1696 Apostolos
884 1613 942 1674 sibi
970 1614 1090 1676 obviare
1114 1617 1276 1697 praecepit.

177 1726 308 1804 Cumque
329 1734 399 1804 post
420 1722 592 1782 naeniarum
612 1717 838 1798 garrulitatem,
865 1725 896 1774 et
916 1715 1075 1778 bliasarum
1096 1718 1276 1778 celebratio·

176 1849 254 1904 nem,
277 1828 314 1888 ad
327 1845 458 1886 mensem
472 1825 685 1896 invitaremur,
708 1819 742 1878 in
758 1817 890 1878 citeriori
904 1839 1023 1881 mensae
1036 1820 1179 1900 margine,
1201 1839 1276 1900 quse

177 1938 241 1990 erat
253 1929 317 1990 sine
334 1927 491 1988 latitudine
504 1927 609 2004 longa,
631 1921 831 2002 Bulgarorum
846 1920 1008 1998 nuncium,
1029 1922 1179 2002 Ungerico
1192 1943 1276 1984 more
1288 1939 1321 1996 P,
1338 1937 1390 1998 432

177 2041 315 2106 tonsum,
338 2050 427 2090 aenea
447 2039 551 2088 catena
566 2027 714 2102 cinctum,
738 2033 767 2084 ct
781 2033 818 2082 ut
831 2043 915 2082 mena
933 2023 1007 2084 mibi
1022 2025 1168 2104 suggerit,
1190 2035 1277 2086 cate·
1294 2011 1352 2068 ⁰⁰¹·
1370 2015 1387 2068 1

179 2132 374 2210 chumenum,
395 2130 469 2190 milri
486 2129 662 2212 praeponit5
684 2126 723 2186 ad
737 2135 867 2186 vestram
884 2126 991 2206 plane,
1013 2127 1132 2188 Domini
1146 2127 1206 2190 mai
1218 2129 1280 2190 Au.

176 2237 271 2315 gusti,
293 2233 513 2294 contumeliam.
556 2231 594 2292 In
607 2229 694 2292 vobis
709 2237 914 2308 contemptus,
935 2227 969 2288 in
983 2229 1069 2289 vobis
1088 2241 1224 2312 spretus,
1244 2231 1278 2292 in

176 2338 262 2400 vobis
281 2337 426 2396 abiectus.
469 2334 528 2394 Sed
548 2335 657 2414 gratias
679 2353 733 2414 ago
755 2331 883 2393 Domino
903 2331 971 2392 Iesu
992 2330 1129 2410 Christo,
1151 2334 1201 2396 cui
1223 2353 1278 2396 vos

177 2440 297 2502 servitis
311 2439 392 2498 omni
403 2436 514 2517 spiritu
525 2445 646 2514 vestro,
668 2436 750 2516 quod
762 2435 881 2494 habitus
894 2454 960 2494 aum
974 2454 1031 2515 pro
1044 2435 1166 2519 nomine
1177 2445 1279 2501 vestro

178 2543 287 2622 diguus
303 2539 497 2602 contumeliae
515 2539 588 2619 pati.
631 2539 762 2616 Verum,
787 2537 906 2598 llomini
920 2537 996 2616 mei,
1016 2558 1113 2600 meam
1126 2557 1188 2598 non
1207 2558 1280 2598 con-

179 2644 326 2720 siderans,
346 2642 400 2704 sed
414 2650 544 2702 vestram
564 2640 721 2719 iniuriam,
743 2659 877 2700 mensam
889 2640 1007 2720 reliqui.
1051 2640 1212 2720 Quumque
1224 2640 1277 2702 iu·

144 2742 148 2754 ⁴
180 2743 304 2822 dignans
329 2744 411 2804 abire
436 2743 563 2822 uellem,
592 2744 652 2804 Leo
679 2744 870 2824 Coroplutes,
898 2742 1091 2824 Imperatoris
1112 2744 1223 2819 freter,
1250 2752 1280 2804 et
1353 2777 1356 2782 ·

179 2845 272 2906 Proto
297 2866 315 2904 a
338 2844 457 2906 recretis
478 2843 613 2923 Simeon,
641 2865 721 2925 pons
743 2866 791 2906 me
812 2855 998 2924 aequantur,
1025 2843 1101 2904 baec
1121 2845 1280 2906 latrantem

181 2947 256 3006 Cum
281 2945 490 3029 Cbristophori
511 2947 606 3008 filiam
626 2947 731 3008 Petrus
749 2941 946 3026 Bulgarorum
967 2946 1103 3008 Vssileus
1123 2946 1280 3026 coniugem

180 3049 319 3126 duceret,
341 3049 524 3131 symphona,
538 3050 571 3110 id
586 3060 630 3110 est
644 3048 839 3110 consonantia
855 3050 968 3130 scripto
983 3049 1150 3110 iuramento
1163 3047 1280 3108 firmate

180 3159 265 3228 sunt,
295 3160 331 3210 ut
350 3152 483 3214 omnium
502 3155 635 3232 gentium
651 3151 810 3232 epoatolis,
838 3149 873 3210 id
895 3159 940 3210 est
955 3149 1093 3227 nunciis,
1114 3170 1206 3230 penes
1221 3161 1307 3214 nosB

179 3253 378 3332 bulgarorum
390 3255 519 3336 apostoli
532 3262 766 3336 praeponantur,
780 3251 978 3330 honorentur,
993 3252 1165 3330 diligantur.
1207 3253 1279 3312 Bul.

180 3374 320 3434 generum
332 3357 385 3415 ille
399 3357 567 3436 apostolus,
590 3375 787 3436 quamquam,
807 3364 842 3416 ut
854 3355 944 3432 dicis,
967 3363 998 3414 et
1010 3373 1116 3416 verum
1129 3364 1190 3432 est,
1209 3364 1281 3416 teu-

179 3475 246 3534 sua,
261 3456 381 3534 illotus,
401 3465 431 3516 et
446 3468 549 3518 catena
563 3477 653 3518 aenea
668 3457 786 3518 cinctus
800 3456 856 3517 sit:
876 3449 1024 3518 Patricius
1045 3466 1144 3518 tamen
1159 3466 1212 3535 est,
1230 3457 1282 3518 eui

179 3558 361 3638 Episcopum
373 3579 566 3641 praeponere,
581 3562 767 3624 Francorum
778 3560 967 3640 praesertim,
981 3560 1065 3622 nefas
1080 3557 1279 3642 deceruimus,

179 3659 356 3722 iudicamus.
399 3661 437 3721 Et
452 3663 594 3742 quoniam
607 3672 637 3724 te
648 3663 683 3724 id
696 3663 818 3742 indigne
829 3662 908 3724 ferre
922 3661 1147 3743 cognoscimus,
1166 3683 1231 3724 nen
1250 3673 1283 3726 te

179 3781 279 3838 nunc,
301 3771 334 3822 ut
349 3771 453 3842 putas,
474 3764 514 3824 ad
536 3763 700 3848 hospitium
720 3762 976 3842 nemestrinus,
997 3764 1098 3825 sedin
1113 3764 1282 3828 diversorio

180 3863 308 3942 quodam
340 3885 411 3926 cum
437 3864 639 3948 Imperatoriis
666 3868 762 3932 servia
793 3867 891 3928 cibum
918 3874 1037 3946 gustare
1063 3867 1280 3949 compellimus.

180 3963 298 4038 Quibus
323 3966 362 4026 ob
389 3966 656 4049 incomparabilem
679 3971 781 4034 cordis
810 3971 946 4032 dolorem
972 3969 1017 4032 nil
1038 3969 1182 4051 respondi
1189 4013 1199 4049 ,
1229 3969 1284 4030 sed

179 4085 256 4148 quae
273 4068 438 4150 iusserant,
459 4071 535 4154 teci,
562 4070 719 4154 indignum
735 4073 871 4138 iudicans
893 4092 1025 4136 mensam
1045 4068 1109 4157 ¹⁹),
1137 4091 1196 4154 qus
1216 4091 1282 4132 non

215 4269 258 4328 19.
281 4270 420 4344 iodlgm
435 4272 557 4332 iudiceris
573 4289 690 4334 maen.
713 4274 793 4334 cas.
