2956 4800
538 345 800 463 'besuano
1137 403 1222 454 mx

129 575 191 618 rum
204 551 349 617 rationem
363 551 475 616 babere
485 553 670 636 potuissem,
692 553 819 614 fortasse
831 549 921 612 etiam
939 549 1115 614 debuissem
1156 549 1222 614 Ve-

128 679 189 720 rum
202 678 255 737 ego
270 659 312 718 sic
328 657 434 719 iudico
451 655 561 740 (dicans
579 656 658 716 enim
676 675 740 715 non
758 675 897 716 reverens
909 655 943 716 in
960 675 995 716 re
1011 655 1136 716 obscura
1150 657 1221 736 glo·

126 757 463 841 siandi·suspicionem):
485 758 568 839 quod
586 757 621 818 in
638 775 763 837 quoque
778 756 942 838 plurimum
962 767 1023 833 est,
1044 757 1104 818 boc
1119 757 1220 839 ipsum

126 861 348 942 ispotisaimum
370 863 506 922 conferre
526 861 615 922 debet
635 860 673 920 ad
695 860 908 940 locupletanda
931 859 1099 920 communia
1120 861 1220 922 studia

125 972 229 1023 nostra.
274 964 336 1024 Iam
352 983 425 1024 vero
443 973 513 1044 post
529 961 727 1043 complurium
744 982 892 1021 annorum
909 962 1063 1022 assiduum
1077 963 1218 1038 laborem,

124 1085 177 1144 quo
191 1065 365 1144 catalogum
383 1066 478 1127 Codd.
496 1065 679 1125 Graecorum
702 1063 736 1124 in
750 1063 964 1124 Bibliothecam
985 1043 1145 1124 maximam
1159 1065 1220 1124 Pa·

122 1166 270 1227 aisiensem
284 1188 389 1228 recens
403 1168 558 1228 illatorum
572 1149 611 1228 ad
633 1168 723 1228 finem
739 1166 956 1248 perduxeram,
978 1175 1046 1247 post
1061 1166 1220 1246 pueritiam

123 1277 151 1328 at
164 1270 293 1350 primam
315 1271 546 1332 adolescentiam
567 1271 600 1330 in
613 1269 672 1330 lroc
690 1269 857 1330 studiorum
874 1288 981 1347 genere
999 1269 1147 1349 positam,
1168 1287 1220 1328 ne·

122 1371 227 1432 minem
241 1393 305 1432 esse
322 1374 502 1455 scriptorem
516 1373 608 1454 paulo
624 1372 822 1432 illustriorem
837 1369 984 1448 arbitror,
1005 1391 1100 1450 neque
1112 1371 1219 1450 profa-

79 1477 84 1490 '
121 1493 186 1533 uum
200 1494 301 1554 neque
316 1495 435 1535 sacrum
443 1521 452 1550 ,
476 1474 529 1554 qui
541 1495 558 1534 a
570 1475 757 1556 temporibus
771 1473 987 1537 'theodosianis
1001 1493 1095 1553 usque
1106 1473 1144 1530 ad
1155 1472 1219 1534 rui.

121 1595 183 1636 uam
195 1576 319 1658 imperii
335 1576 497 1637 Orientalis
510 1577 623 1636 Graece
637 1575 801 1657 scripserit,
818 1595 906 1656 quem
920 1597 982 1636 non
996 1575 1039 1635 ita
1051 1575 1217 1654 tractarim,

119 1685 151 1736 nt
162 1699 223 1738 non
238 1679 343 1758 aliqua
355 1679 418 1738 eins
430 1698 500 1759 pars
514 1677 546 1738 in
561 1678 703 1738 memoris
717 1684 781 1738 mea
795 1681 914 1760 penitus
926 1677 1079 1740 insideret.
1123 1677 1217 1752 Scho-

119 1779 173 1854 lia,
196 1790 335 1859 catenas,
355 1779 568 1862 paraphrases,
591 1781 819 1858 commentaria,
841 1780 950 1862 partim
965 1780 1063 1838 minus
1075 1779 1134 1858 legi
1146 1777 1217 1839 soli·

119 1890 161 1958 ta,
180 1884 295 1963 partim
310 1883 434 1943 omnino
448 1873 585 1943 nondum
601 1883 697 1959 edita,
719 1883 786 1942 lieri
802 1903 865 1942 uon
884 1881 986 1963 potuit
1000 1879 1074 1959 quin
1089 1879 1130 1938 ita
1144 1899 1217 1959 per·

120 1992 290 2064 tractmm,
311 1995 348 2044 ut
368 2005 473 2045 eorum
488 1986 618 2064 aliquam
638 1995 718 2046 certe
735 1986 890 2046 notionem
910 2003 1056 2066 caperem.
1100 1980 1217 2054 Quam-

120 2085 227 2164 obrem,
250 2089 278 2148 si
295 2088 405 2170 passim
420 2108 459 2147 ex
472 2085 624 2164 Pitribus,
648 2086 832 2165 scholiastis,
853 2085 1041 2162 rhetorlbus,
1062 2085 1218 2145 illustrare

120 2190 303 2269 quaestiones
318 2191 452 2270 aliquot,
475 2190 581 2250 afferre
600 2188 740 2269 phrases,
762 2191 947 2274 locupletare
962 2187 1090 2264 Lexiea,
1110 2194 1218 2246 notare
1267 2253 1271 2262 ‚

121 2311 227 2353 urores
249 2293 401 2372 quosdam
416 2293 570 2374 superiore
589 2291 732 2352 memoria
755 2295 927 2356 commissos
950 2293 1033 2378 (nam
1055 2289 1092 2348 ab
1112 2307 1218 2369 aequa·

119 2393 185 2456 lium
206 2417 353 2472 censura,
383 2415 459 2476 quae
475 2415 540 2455 mea
560 2401 668 2454 nauare
692 2403 751 2472 est,
780 2384 903 2456 omnino
925 2389 1068 2474 abstinui)
1091 2400 1216 2452 conatus

119 2516 186 2575 sum,
206 2519 275 2559 non
289 2497 358 2557 ideo
373 2497 406 2556 id
419 2495 486 2574 feci,
509 2495 591 2576 quod
603 2494 659 2555 hos
672 2498 854 2558 recentiores
869 2498 1034 2578 scriptores
1048 2493 1216 2556 ullomodo

120 2601 333 2683 comparandos
348 2619 412 2659 esse
426 2619 492 2659 cum
507 2597 724 2678 antiquioribus
738 2601 972 2682 capitalibusque
983 2597 1045 2658 illis
1060 2597 1215 2676 ducebam,

121 2717 186 2780 quos
201 2725 294 2764 nemo
309 2701 420 2782 opinor
432 2709 477 2760 est
491 2701 566 2781 quin
580 2701 685 2762 crebro
697 2704 983 2788 regustare'cupiat,
1004 2699 1038 2760 in
1052 2699 1148 2780 iisque
1161 2719 1217 2759 ac-

120 2805 259 2884 quassat,
284 2824 381 2883 neque
395 2803 475 2882 quod
489 2824 587 2864 meum
601 2805 771 2866 studiorum
783 2826 876 2884 genus
886 2785 1054 2886 proponere
1066 2801 1099 2862 in
1112 2821 1216 2862 uem-

119 2906 192 2987 plum
207 2909 295 2986 aliis,
317 2903 556 2966 adolescentibus
570 2907 747 2988 praecipue,
769 2907 875 2969 velim:
897 2905 952 2966 sed
965 2901 1034 2984 quia
1049 2903 1083 2962 in
1098 2925 1133 2965 eo
1145 2903 1215 2964 loco

118 3007 148 3068 in
165 2995 258 3092 eoque
281 3027 406 3070 munem
422 3007 622 3085 constitutus,
644 3017 680 3068 ut
697 3017 828 3070 tractare
847 3005 994 3070 eiusmodi
1013 3005 1127 3087 scripta
1145 3025 1216 3068 cum

118 3109 152 3170 ad
184 3111 377 3172 voluntatem
405 3111 540 3192 possim,
568 3117 634 3170 tum
663 3131 721 3192 pro
747 3111 850 3172 officio
878 3109 1018 3184 debeam,
1046 3107 1081 3168 id
1111 3107 1214 3186 malui,

119 3213 193 3290 quod
208 3211 266 3274 alii
282 3213 382 3274 minus
400 3213 556 3273 commode
570 3223 709 3292 possent,
730 3234 830 3292 agera,
853 3232 944 3292 quam
958 3213 1039 3292 quod
1051 3211 1143 3274 iidem
1157 3231 1214 3276 ae-

119 3331 169 3394 que
182 3315 263 3378 bene
276 3323 365 3396 atque
378 3335 434 3395 ego
440 3361 451 3392 ,
471 3315 624 3377 autetiam
638 3317 732 3390 multo
747 3336 794 3378 me
804 3315 921 3377 melius.
1078 3310 1084 3318 '

194 3487 267 3550 XV.
289 3486 475 3568 Accedebat,
496 3491 578 3570 quod
593 3491 626 3552 in
645 3490 802 3552 Britannis
821 3509 932 3550 novam
952 3488 1114 3550 editionem
1132 3485 1213 3550 'tna-

120 3586 193 3648 sauri
214 3587 412 3669 Stephaniani
435 3593 536 3672 parari
562 3593 736 3670 audiebam,
766 3594 805 3654 ad
825 3613 948 3672 eamque
969 3591 1215 3674 locupletandam

118 3684 194 3749 viros
213 3691 323 3752 doctos
347 3693 473 3754 editioni
488 3697 674 3777 praepositos
691 3715 781 3756 voces
797 3695 933 3756 nondum
954 3695 987 3756 in
1003 3695 1112 3756 Lexica
1128 3714 1217 3756 rece-

118 3797 179 3866 ptas
197 3792 332 3874 undique
347 3797 500 3878 aucupari.
543 3799 644 3874 Quare
657 3799 824 3877 vocabula,
842 3798 954 3878 quibus
976 3795 1094 3874 adhuc,
1116 3811 1265 3877 quan-1².
1281 3813 1340 3866 m

118 3896 177 3951 lum
189 3895 270 3972 scio,
291 3897 400 3958 Lexica
417 3909 521 3960 carent
537 3900 668 3983 (enotavi
686 3911 786 3962 autem
801 3900 965 3983 multiplici
983 3901 1113 3960 lectione
1128 3919 1214 3959 com·

118 3991 198 4071 plura
209 3995 338 4080 millia),
357 4001 470 4081 passim
484 4001 643 4073 subiunxi,
668 4005 838 4083 gratificans
855 4003 1087 4086 lexicographis
1100 4003 1214 4084 potius,

120 4112 203 4172 quam
217 4101 298 4180 quod
316 4101 350 4161 in
368 4104 516 4164 eiusmodi
530 4106 790 4194 verbispddendis
805 4127 945 4188 magnum
961 4105 1138 4188 ponendum
1151 4123 1215 4166 eses

121 4210 309 4281 mammeam,
331 4213 384 4266 aut
405 4205 597 4285 gloriandum
614 4217 728 4290 putem.
770 4211 825 4289 Egi
845 4210 879 4272 id
900 4229 1041 4291 quoque,
1066 4217 1100 4282 ut
1118 4227 1214 4270 voea-

121 4292 376 4387 l'telsplsrasesque
394 4309 556 4394 praecipue
570 4329 609 4372 ex
631 4312 831 4394 scriptoribus
854 4311 916 4372 iflis
937 4331 1103 4390 summersa,
1125 4299 1179 4392 qui
1194 4329 1214 4370 a
