2994 4796
184 415 186 420 ,
256 297 375 414 ιιιΙΙ
441 361 445 370 ·
597 345 690 414 oo.
712 325 1006 414 nosocomi:

255 515 356 566 tarent
368 515 543 606 argentum,
565 525 626 565 non
644 499 734 564 modo
750 501 790 563 id
799 499 884 585 quod
894 499 1033 563 incendio
1048 500 1287 586 deflagraverot,
1307 525 1355 564 ce·

256 613 327 653 rurn
340 593 434 650 etiam
451 589 621 671 quodquod
631 611 810 669 suspemum
829 599 895 648 erat
906 588 1083 668 adfectum
1096 587 1354 649 cohoneetandran.

146 695 152 706 ·
258 677 309 738 Ito
325 677 445 756 aliquis
463 679 514 738 eir
534 675 725 758 spectabilis,
747 677 803 756 qui
824 677 940 734 militia
960 675 1088 734 hone-eta
1109 678 1234 734 scrireie
1213 677 1354 750 Dacici‚

257 760 342 845 quod
368 764 477 837 aiunt,¹
490 761 701 842 fungebatur,
722 760 781 819 sub
808 757 1005 842 dispositione
1030 764 1170 821 vitarum
1188 721 1355 818 iileoetriuni

253 848 478 930 praefectorum
494 869 551 927 per
566 847 743 922 illyricum,
765 865 869 906 secum
886 857 1047 926 reputans,
1069 844 1195 904 modum
1213 845 1355 903 essentii-

258 935 340 1008 lurn,
362 953 422 1013 quo
438 935 504 992 sine
519 953 567 990 mo
570 934 660 992 Ieetia
671 931 850 1011 indictaque
865 951 962 990 cauca
975 953 1009 990 ex
1024 933 1150 990 ecclesia
1165 931 1245 1012 peili
1265 929 1355 988 turha

252 1027 376 1099 poccet,
398 1019 462 1076 niti
482 1021 553 1098 quie
573 1017 711 1077 subitam
731 1017 963 1076 barbarorum·
950 1019 1153 1088 incur-ciorum
1164 1025 1352 1096 praetexeret,

259 1113 403 1162 coronata
425 1105 539 1162 victore
564 1125 616 1162 cor
644 1107 710 1162 eius
739 1101 785 1162 ad
806 1100 843 1162 id
857 1113 1063 1183 permovente,
1085 1103 1220 1161 clamare
1243 1103 1353 1180 coepit:

242 1189 389 1268 ·„Cieee,
412 1187 539 1248 barbari
556 1187 603 1247 ad
621 1209 742 1248 murum
763 1199 975 1268 apparuerunt
988 1191 1170 1270 inopinato:
1193 1190 1354 1266 quiricum

258 1277 356 1334 armis
376 1293 478 1331 omnes
490 1295 550 1354 pro
568 1277 680 1354 patria
696 1271 905 1355 procurrite.”
947 1276 1036 1334 Haec
1059 1275 1113 1333 ille
1136 1273 1353 1344 simulam,ut

257 1360 376 1439 vulgus
387 1355 528 1417 videlicet
539 1362 633 1419 exciri
653 1381 687 1419 ec
706 1360 846 1436 ecclesia,
867 1359 1075 1440 vestibulaque
1087 1357 1211 1418 occludi
1217 1367 1352 1439 poscent,-

252 1456 421 1526 posteaque
435 1441 538 1502 sedare
551 1447 735 1525 conquisitio
747 1447 868 1526 argenti
875 1446 1050 1526 fucifieret.
1093 1443 1217 1503 Atenini
1237 1441 1273 1501 id
1283 1461 1353 1522 pro·

257 1528 397 1591 videntia
413 1527 529 1588 accidit
539 1532 760 1610 gloriosissimi
769 1533 929 1610 Martyrie,
951 1553 988 1590 ne
1002 1532 1165 1589 inscientia
1184 1539 1289 1588 nostra
1301 1547 1354 1586 no-

195 1627 197 1632 '
257 1625 311 1674 otu
319 1615 546 1716 periclitaretur
567 1619 689 1679 cicitas.
723 1617 808 1675 Nam
818 1618 955 1697 populea
968 1619 1083 1692 omnic,
1105 1613 1219 1674 audita
1234 1614 1292 1671 illa
1304 1633 1354 1670 nec

255 1702 389 1780 opinata
407 1721 488 1777 voce,
510 1704 543 1759 in
556 1700 678 1761 domurn
690 1703 817 1782 quisque
826 1713 918 1760 cuam
938 1705 1086 1776 cucurrit,
1107 1703 1261 1780 uncisque
1274 1719 1354 1756 sum-

222 1819 228 1829 ·
259 1789 301 1845 tis
318 1806 423 1844 muros
438 1785 617 1850 conscendit.
660 1782 738 1872 (ΙΙΙ.)
761 1787 810 1848 lbi
826 1790 1018 1868 conspiciunt
1031 1790 1065 1846 in
1076 1807 1183 1866 compo
1193 1781 1353 1844 venerandi

258 1869 378 1930 delubri
391 1875 537 1951 marttric
554 1872 712 1933 Christum
722 1877 875 1954 geetantis
892 1873 1055 1933 Matronae
1069 1873 1192 1931 turbam
1205 1868 1353 1928 barbaro-

258 1975 348 2036 rum,
368 1960 488 2016 nonita
507 1955 629 2038 quidem
633 1979 789 2052 magnam
812 1956 875 2040 (ad
886 1961 1016 2040 quinque
1029 1959 1131 2016 miliia
1149 1955 1353 2015 aestimaban-

173 2107 176 2114 ,
259 2053 313 2102 tur
335 2063 357 2100 o
376 2041 499 2124 nobie),
528 2039 645 2103 viribue'r
664 2055 767 2103 autem
782 2043 956 2123 patrimum
977 2044 1140 2122 valentem,
1170 2039 1255 2121 quod
1273 2039 1354 2098 electi

258 2138 355 2187 eecent
374 2149 477 2186 omnee
496 2138 525 2186 et
548 2132 581 2188 in
610 2129 697 2188 bellur
716 2132 879 2198 exercitati.
921 2131 1024 2228 lleque
1044 2139 1109 2187 tom
1129 2127 1231 2186 erebito
1254 2123 1354 2184 adorti

259 2224 354 2272 eecent
368 2225 491 2273 tantam
503 2213 623 2290 urbem,
645 2217 707 2274 niu
701 2215 824 2274 'robore
837 2225 866 2275 et
878 2217 982 2274 onineo
998 2223 1147 2295 quotquot
1160 2232 1283 2270 suorum
1295 2231 1354 2268 un-

174 2303 183 2314 '
260 2319 356 2382 quam
368 2321 446 2379 prae
447 2297 548 2358 liandi
568 2321 667 2360 causa
689 2303 823 2359 exierant
836 2310 1038 2381 superassent.
1084 2299 1171 2360 Civec
1191 2307 1228 2356 ut
1245 2315 1353 2354 emron

260 2385 422 2443 clamorem
436 2385 641 2463 euctulerant,
663 2383 850 2446 adversariis
860 2388 1020 2529 perspicue
1032 2387 1109 2445 eicie
1122 2380 1204 2463 (iam
1219 2385 1296 2441 enim
1310 2377 1355 2438 di-

260 2469 403 2528 luculum
419 2481 502 2544 erat,
524 2481 553 2530 et
571 2471 717 2551 turgebat
735 2469 816 2564 dieq)
827 2516 835 2547 ,
848 2472 989 2551 plerique
1004 2465 1225 2544 descendentes,
1246 2487 1355 2526 resera-

258 2557 301 2612 tie
308 2557 421 2634 portis,
446 2553 567 2614 Clerieto
580 2567 609 2615 et
620 2567 765 2616 coronato
778 2543 890 2617 dictare
903 2557 975 2616 illos
988 2557 1155 2631 roborante,
1167 2556 1255 2632 soris
1263 2573 1357 2632 prae·

259 2640 338 2698 tium
357 2660 428 2698 cum
442 2639 582 2698 hostiliae
591 2643 751 2718 fecerunt,
774 2663 827 2721 qut
822 2644 949 2720 'surore
960 2643 1106 2720 feritatis
1124 2661 1200 2698 oreae
1216 2642 1281 2696 iarn
1301 2657 1356 2695 ιιι-

259 2745 318 2804 que
331 2722 376 2783 ad
390 2728 687 2805 augustumfanurn
706 2731 800 2786 trium
811 2738 990 2787 sanctarum
1005 2738 1192 2806 martyrum,
1217 2721 1356 2797 Gleionae,

257 2809 363 2870 Irenae
374 2821 403 2870 et
415 2809 547 2892 Agapes,
558 2823 753 2892 proruerunt.
778 2811 824 2890 Id,
841 2825 877 2872 ut
888 2815 983 2888 scitis,
995 2815 1134 2892 proxime
1147 2811 1230 2870 abest
1240 2831 1261 2868 a
1270 2829 1356 2867 muro

258 2895 355 2956 urbis.
398 2897 448 2956 Ita
463 2915 536 2956 cum
546 2896 592 2956 ud
606 2901 738 2959 multum
749 2897 828 2957 diem
842 2901 933 2958 alteri
946 2899 1052 2956 alteris
1068 2905 1286 2970 concurrerent,
1307 2897 1356 2952 in-

256 2985 492 3063 tentationesque
506 3003 545 3042 ιιι
558 3005 693 3044 recessus
709 3005 771 3044 non
787 2987 852 3044 eine
867 2983 1042 3043 descrimine
1046 2985 1190 3062 facerent
1203 2977 1357 3080 oppidani,

257 3064 325 3125 ideo
347 3065 431 3148 quod
442 3069 510 3149 flas
535 3089 570 3128 ee
592 3073 675 3130 omni
696 3071 908 3131 Scioeinorurn
921 3081 1010 3150 gente
1026 3068 1195 3145 delibatus,
1215 3067 1293 3124 sicut
1306 3063 1358 3122 di-

258 3163 344 3211 ctum
366 3164 427 3230 eet,
449 3156 482 3213 in
503 3151 634 3216 adversa
652 3157 718 3215 acie
739 3159 933 3216 comtiterat:
955 3153 1136 3236 deniqae,'
1123 3172 1189 3234 epeo
1212 3149 1358 3228 Martrrie

257 3240 380 3298 nurnine
408 3259 441 3297 se
469 3237 664 3318 declarante,
696 3263 809 3300 manus
842 3241 979 3301 barbara
1007 3261 1039 3299 eo
1069 3242 1135 3320 ipso
1163 3235 1213 3296 die
1237 3211 1358 3316 repulsa

259 3333 320 3399 est,
350 3325 515 3405 revertique
537 3323 618 3385 unde
638 3328 827 3404 intrauerat,
857 3337 973 3386 coacta.
1019 3326 1059 3384 Et
1079 3345 1157 3405 quae
1178 3333 1252 3381 trenc
1271 3321 1359 3380 obte-

217 3477 224 3491 .
258 3419 348 3468 nerat
373 3412 542 3490 improvisa
566 3421 660 3493 atque
690 3423 781 3472 atrox
806 3413 947 3488 invasio,
973 3413 1008 3470 in
1022 3409 1107 3469 hunc
1127 3403 1252 3468 modurn
1262 3407 1359 3488 finem

259 3496 349 3573 cepit.

344 3577 387 3636 lle
403 3578 563 3639 ciborio
539 3601 603 3641 seve
615 3579 790 3642 umbraculo
804 3581 907 3642 alteris
922 3579 1012 3641 altius
1025 3577 1135 3640 educto
1150 3577 1359 3656 columnisque

210 3661 417 3742 quatuor
408 3665 515 3725 innixo
538 3667 654 3748 copiosi
675 3677 746 3728 sunt
762 3666 931 3748 Ducsngiue
948 3667 1080 3730 Glosscr.
1104 3665 1216 3731 1..658
1235 3663 1359 3723 0··G⁰¹¹

145 3757 178 3816 Ρ.
193 3757 247 3818 262
261 3745 427 3830 stantinop.
445 3748 554 3811 Christ
575 3753 625 3818 50.
642 3751 678 3813 A.
693 3783 738 3799 -
754 3751 806 3820 55.
824 3751 861 3813 A.
879 3747 1026 3830 Descript.
1047 3753 1077 3813 8.
1093 3749 1221 3832 Sophite
1235 3750 1305 3815 573
1322 3747 1357 3806 ⁰·

259 3833 438 3894 ctReiskius
453 3835 619 3897 Commeat.
635 3838 674 3900 sd
688 3838 791 3899 const.
810 3837 958 3919 Porphyr.
972 3836 1139 3897 Cserimon.
1160 3835 1222 3897 nul.
1235 3835 1305 3914 nyx.
1323 3831 1360 3890 ΙΙ.

257 3917 310 3985 64
330 3917 366 3978 A·
389 3922 441 3985 78
460 3921 494 3983 B.
538 3909 674 4004 Detcmp
678 3925 707 3983 lo
724 3921 913 3988 nobilissimo
929 3919 1241 3982 Thessalonicensis.
1259 3920 1361 3977 Decie-

258 4003 312 4062 trii
326 4003 448 4084 collegit
466 4006 534 4066 locs
553 4006 633 4067 idem
648 3945 818 4087 ducangius
844 4008 884 4068 cd
899 4008 977 4071 Anu.
1000 4008 1104 4068 Ccmn.
1123 4005 1197 4074 252.
1219 4005 1254 4068 Ι).
1275 4003 1362 4063 Tem·

258 4097 454 4168 putantem,
477 4111 536 4172 quo
559 4093 695 4154 Sclnvini
713 4093 1004 4157 Thessalonicam
980 4113 1024 4154 stc
1044 4097 1255 4167 tentaverunt,
1282 4087 1364 4148 inci·

260 4173 331 4233 dere
350 4172 498 4236 videtur'
489 4197 567 4238 ιιιι.
588 4180 668 4247 584:
689 4180 761 4240 vulo
782 4181 808 4244 J
831 4179 903 4241 Chr.
922 4199 985 4242 von
1005 4177 1099 4258 Engsl
1116 4173 1293 4238 Geschiclete
1309 4169 1364 4231 eles

266 4258 454 4339 Ungriechen
470 4261 584 4323 Reicies
598 4261 665 4324 und
682 4268 779 4325 ceiner
794 4261 1005 4328 Mbenlinder·
1023 4263 1048 4324 Ι.
1063 4263 1137 4331 259.
1151 4263 1186 4323 Β.
1203 4259 1366 4338 Paucisquc

161 4407 164 4416 .
258 4343 346 4405 aunis
364 4355 452 4428 post,
479 4357 516 4410 ut
533 4345 638 4432 prodit
650 4349 782 4434 scriptor
796 4351 877 4413 unde
891 4351 965 4414 lnce
980 4349 1165 4428 ‹lelio-mus,
1194 4345 1367 4408 Amorum
