2984 4798
301 363 379 442 540
543 377 583 446 n.
603 375 650 445 n.
672 373 875 444 roeoun
895 337 1239 446 sonorsnours

299 535 404 612 drstia,
425 555 460 596 ac
474 535 643 616 ingentibus
659 536 795 595 conlecta
811 541 918 608 essent,
933 531 1002 594 ideo
1018 533 1092 593 dicit
1106 534 1293 609 Theodosius,
1306 535 1373 616 quod

298 620 335 682 bi
353 622 516 703 plurimum
536 621 712 681 insudarent
730 620 763 678 in
778 618 937 678 volvendis
950 639 1007 699 ope
1019 620 1150 680 vectium
1162 619 1322 680 huiusmodi
1336 641 1374 680 ea-

299 707 364 782 xis,
386 715 421 765 ut
438 705 548 766 sensim
565 707 597 765 in
619 707 719 766 foveas
743 702 861 764 adhoc
882 713 1001 783 paratas
1017 703 1213 766 demitterent.
1253 705 1287 764 ln
1300 725 1375 764 rena

298 789 361 852 boc
381 791 508 851 verbum
525 791 618 850 verbo
642 791 768 850 reddere
791 789 846 848 fidi
863 788 1041 870 interpretes
1059 809 1121 848 non
1140 790 1320 867 curavimus,
1345 807 1375 848 ne

298 895 419 936 sensum
431 877 598 936 abstrusum
610 876 698 935 nimis
711 874 894 935 eliceremus.
916 871 1057 954 Σιροφαίς
1071 873 1199 954 ἔπασχον
1213 867 1375 956 ιίνθείιγριί-

298 983 360 1022 πων
379 962 502 1042 proprie
525 961 640 1019 dictum
659 969 704 1020 est
725 959 763 1018 de
782 959 837 1034 iis,
867 959 919 1038 qui
936 959 1044 1018 intenti
1072 971 1157 1018 erant
1175 959 1210 1018 in
1227 958 1376 1018 detinendis

298 1063 407 1122 magno
430 1047 499 1105 nisu
514 1065 550 1104 uc
572 1045 673 1104 labore
685 1045 718 1104 in
731 1043 885 1124 oppositos
900 1063 989 1122 gyros
1003 1043 1130 1121 ergatis,
1152 1065 1227 1123 quas
1242 1045 1278 1104 ob
1291 1045 1376 1122 ingens

300 1129 438 1211 lapidum
452 1131 489 1190 iia
501 1131 689 1210 alligatorum
703 1129 823 1210 pondus
838 1128 876 1186 ad
892 1129 946 1188 sibi
961 1129 1100 1208 proprias
1120 1129 1316 1190 volutationes
1328 1147 1377 1186 ma·

302 1235 361 1294 gno
374 1216 489 1296 impetu
502 1215 672 1274 tendebant.
716 1213 867 1295 [Σιροφαί
878 1207 1107 1294 ἆνθείιγμάιαιν
1113 1257 1123 1292 ,
1140 1216 1237 1290 funes
1250 1217 1320 1274 sont
1329 1231 1377 1272 ma-

302 1299 399 1360 chinis
414 1299 539 1359 adhibiti
548 1348 557 1376 ,
579 1299 687 1378 quibua
703 1319 775 1357 saxa
788 1297 1026 1378 torquebantur]

385 1388 456 1450 163.
485 1383 585 1469 eosq]
607 1385 673 1444 lloc
692 1384 782 1442 etiem
805 1384 838 1442 in
863 1384 934 1442 loco
964 1383 1119 1443 Cornelius
1142 1383 1237 1444 edidit
1262 1385 1378 1466 pootq'a

298 1466 359 1527 fide
376 1468 494 1528 Codicis
513 1468 669 1546 aberrans,
691 1469 817 1547 ideoque
837 1487 900 1527 non
921 1489 943 1525 u
958 1468 1083 1528 consilio
1106 1471 1262 1549 artificum
1278 1477 1378 1531 renu-

299 1551 372 1613 dum
387 1563 448 1628 est,
470 1554 521 1612 sed
537 1557 593 1611 iou·
609 1576 648 1613 uc
655 1557 796 1634 percussi
813 1553 853 1611 ab
868 1552 1052 1632 urtc'fiotbua.
1247 1615 1250 1620 ,

382 1636 474 1718 [169.
507 1633 605 1721 ὥσπερ
632 1635 782 1721 χαράδρας
812 1639 992 1701 εἰσπεσοῦσαι
1016 1637 1121 1720 πιιιρία
1145 1639 1226 1697 male
1252 1636 1378 1698 vertitur:

298 1732 447 1802 tarrqrcam
465 1726 498 1782 in
512 1724 614 1783 alveos
635 1723 747 1782 rodeno
766 1723 875 1782 acerba
889 1723 976 1782 ultio.
1012 1723 1104 1801 lunge
1115 1717 1269 1805 χαράδρας
1283 1722 1379 1802 πικρία,

296 1817 334 1866 ut
351 1808 387 1867 ll·
403 1812 454 1875 36·
474 1813 530 1888 τῆς
547 1813 666 1892 σφαγῆς
680 1807 704 1891 ἦ
719 1809 834 1890 πικρία.
866 1807 903 1868 ll.
918 1813 970 1874 99.
992 1803 1025 1872 ed
1038 1811 1101 1890 utiq
1116 1806 1247 1889 ἤπιαραί
1262 1807 1379 1886 τιμωρία.

297 1893 408 1952 Sensus
424 1901 468 1953 eat
489 1893 595 1972 igitur:
617 1893 769 1972 sanguinis
786 1892 847 1954 aivi
865 1891 1078 1970 extinguebant
1098 1893 1237 1953 ardentes
1256 1891 1379 1964 caminos,

298 1977 377 2037 sicut
397 1978 539 2038 torrentia
555 1978 603 2038 vis
623 1979 756 2038 violenta
768 1973 896 2041 irruens.
936 1977 975 2037 Hi
991 1977 1142 2056 sanguinis
1156 1977 1219 2037 rivi
1234 1997 1301 2036 cum
1316 1975 1381 2033 ralaa

297 2061 331 2122 in
343 2063 466 2122 caminis
480 2062 585 2140 mixti,
608 2063 688 2123 huuc
701 2063 800 2124 colore
810 2082 965 2143 purpureo
981 2061 1163 2140 inficiebeut,
1184 2062 1231 2122 ita
1242 2072 1278 2123 ut
1292 2063 1381 2122 latero

297 2145 368 2208 iude
386 2149 518 2208 confecti
533 2150 622 2210 etiarn
635 2149 784 2230 purpurei
798 2149 913 2208 fierent.
936 2147 969 2206 F.
984 2145 1022 2226 1.]

384 2239 454 2300 179.
477 2231 631 2315 Πατρικαίς
643 2230 698 2309 τας
712 2229 809 2313 α’ξίας]
825 2233 874 2293 Ao
885 2251 997 2292 morem
1012 2231 1093 2312 apud
1111 2233 1281 2294 Orientalee
1297 2247 1381 2292 omnes

298 2315 497 2398 barbaraeque
513 2329 613 2398 gentes
629 2319 867 2399 receptissimum
883 2316 1017 2398 gestandi
1039 2317 1119 2378 circa
1136 2319 1251 2376 collum
1266 2327 1381 2394 torques,
1440 2321 1441 2366 l

297 2421 353 2464 seu
368 2401 498 2464 circulos
514 2424 638 2482 eureos,
660 2403 767 2463 alludit
782 2409 881 2484 poeta.
924 2403 1026 2477 Quum
1041 2403 1121 2462 enim
1142 2401 1327 2484 Nicephorue
1341 2419 1382 2456 ca·

298 2486 392 2566 ptivis
412 2508 450 2546 ex
472 2487 605 2548 barbaria
626 2489 704 2548 colla
725 2488 836 2547 cetenis
857 2485 1117 2565 circumdedisset,
1139 2488 1196 2564 ait,
1221 2508 1272 2547 eos
1293 2483 1381 2566 patriis
1439 2519 1440 2524 κ

296 2569 462 2632 bonoribus
480 2571 643 2637 decorasse.
677 2573 772 2632 Hasce
785 2581 883 2632 autem
898 2582 1036 2651 torques,
1057 2572 1172 2654 patrios
1193 2571 1337 2646 bonores,
1355 2585 1382 2625 at

297 2655 456 2734 dignitates
472 2657 618 2736 appellet,
651 2657 791 2736 quoniam
814 2657 852 2715 iis
873 2658 1020 2737 primores
1039 2657 1233 2738 potissimum
1261 2666 1290 2716 et
1310 2655 1382 2736 prin·

297 2740 379 2820 cipes
397 2741 582 2801 ornabuntur
591 2765 601 2821 5
623 2751 658 2801 ut
673 2743 710 2803 de
726 2742 819 2802 Media
834 2741 941 2801 scribit
957 2743 1098 2822 Agutbies
1118 2741 1255 2802 debello
1272 2737 1381 2800 Gothico

295 2825 350 2884 lib.
364 2825 414 2889 111.
436 2827 610 2900 observans,
634 2827 716 2906 quod
731 2827 768 2887 iis
791 2825 952 2887 Medorum
965 2831 1117 2907 primores
1127 2831 1294 2906 praecipue
1308 2823 1383 2881 deco·
1438 2821 1439 2902 ί

295 2921 422 2988 rantur,
443 2923 479 2970 ut
489 2915 684 2992 spectatione
702 2916 805 2971 esteris
816 2916 894 2989 sint,
917 2924 944 2972 et
959 2934 980 2971 α
1002 2913 1186 2993 vulgaribus
1204 2913 1284 2969 aliis
1297 2907 1383 2968 ιιοιιί-
1438 2915 1439 2928 ἢ

296 3005 417 3071 tentum
437 3017 472 3056 ac
491 3005 621 3058 testetur
647 3000 737 3058 etiam
757 2997 958 3058 Tertullianus
983 2998 1020 3058 de
1044 2998 1120 3058 ldol.
1143 3017 1208 3078 cap.
1231 3015 1318 3056 mn.
1331 3009 1383 3072 pag·

296 3081 370 3148 245.
389 3081 545 3162 inquienss
567 3083 669 3163 Igitur
678 3105 823 3163 purpura
837 3084 914 3159 illu,
933 3094 961 3141 et
975 3104 1089 3142 aurum
1102 3083 1228 3143 cervicis
1244 3095 1383 3140 ommes·

188 3170 245 3227 Col.
260 3172 281 3232 2
296 3177 380 3245 tum,
401 3167 503 3228 eodem
514 3189 596 3226 neore
612 3167 700 3248 opud
717 3169 884 3248 Aegyptios
905 3179 933 3226 et
944 3169 1135 3246 Babylonios
1156 3169 1297 3246 insignia
1314 3167 1383 3220 erunt

295 3249 472 3332 dignitatis.
516 3254 575 3313 Sed
596 3252 633 3312 de
651 3254 804 3331 torquium
826 3251 907 3332 apud
927 3253 1068 3312 barbaros
1089 3273 1147 3313 usu
1166 3251 1289 3311 consuls
1301 3246 1383 3308 susim

296 3335 489 3406 disserentem
517 3337 659 3400 loannem
678 3336 864 3399 Schefferum
883 3337 917 3397 in
937 3339 1130 3418 syntagmate
1148 3335 1383 3415 ‹ts-antiquorum

295 3421 455 3502 torquibus
478 3441 544 3503 cap.
568 3427 618 3489 12.

280 3507 289 3526 '
380 3512 452 3572 202.
476 3507 516 3569 01
526 3506 631 3592 ιιρῆες]
653 3505 763 3568 Haeret
781 3507 815 3568 in
835 3503 896 3567 hoc
915 3507 1009 3568 verbo
1032 3505 1106 3566 mihi
1125 3525 1219 3587 aqua,
1246 3523 1303 3565 nec
1324 3496 1385 3596 quid

295 3589 354 3651 aibi
373 3591 447 3653 velit
467 3593 589 3652 omnino
609 3611 765 3672 assequor,
787 3595 861 3652 adeo
880 3602 916 3652 ut
938 3591 1080 3652 mendum
1095 3592 1213 3652 subesse
1229 3611 1293 3651 nou
1308 3586 1384 3646 dubt-
1437 3613 1438 3677 ρ

295 3685 372 3754 tem,
396 3675 647 3758 quemadmodum
667 3677 837 3758 suspicatus
858 3687 905 3737 est
924 3695 1045 3757 quoque
1067 3677 1232 3739 Cornelius.
1274 3665 1385 3752 Ἀιιριιιίς
1436 3695 1437 3730 ῑ

295 3761 504 3841 reponendum
518 3761 705 3844 smpicabsr,
726 3781 801 3842 quae
815 3783 878 3822 vox
892 3774 1076 3842 vontmnper
1087 3762 1343 3840 sumnmflmuem
1354 3753 1385 3811 si-

294 3843 433 3924 gnificat:
454 3865 561 3908 verum
569 3867 608 3906 ne
617 3847 651 3906 id
661 3857 729 3907 tuto
741 3855 872 3907 statuam
886 3867 935 3907 ms
950 3848 1079 3907 deterret
1096 3845 1295 3925 quorumdam
1309 3843 1384 3900 Grae

296 3951 400 3990 corum
417 3931 688 3992 Grammaticorum
702 3931 880 4009 arroteritae,
903 3933 955 4011 qui
969 3925 1084 4013 aisperde
1094 3951 1159 3991 uon
1177 3939 1298 3991 sentum
1309 3921 1386 4018 velap-

295 4025 425 4076 meutem
447 4017 703 4099 interpretentur,
723 4017 776 4077 sed
793 4019 896 4099 potios
908 4031 1106 4097 prosperum,
1126 4015 1317 4091 suaviterque
1329 4027 1385 4088 ιρι·

295 4109 422 4176 tantem,
435 4103 603 4182 intorques
616 4101 789 4163 Euststbius
801 4103 839 4162 ad
853 4102 906 4162 lib.
919 4101 1000 4162 XIV.
1015 4101 1125 4181 Odyss.
1141 4119 1208 4182 pag.
1221 4099 1313 4164 1769·
1325 4089 1384 4153 ⁸⁶3²

295 4185 382 4246 Rom.
397 4187 442 4248 sic
455 4187 604 4268 loquitur:
616 4184 719 4251 Ἔνθα
733 4185 843 4269 βορίαν
859 4181 960 4266 deperi
973 4185 1060 4270 λέγει,
1075 4179 1129 4266 orig
1140 4179 1220 4248 αι’ίιιι
1233 4179 1288 4245 eds
1300 4175 1385 4257 ἔαρος
1435 4189 1436 4194 ’

295 4264 403 4348 diuae,
426 4269 468 4346 ιίς
489 4277 602 4353 μᾶλλον
628 4269 683 4337 τὸν
708 4269 750 4354 psi
765 4271 971 4355 ιιειιραμριίναν
993 4263 1251 4352 ἓιίροιςᾶαέριαις·
1271 4268 1325 4329 rusi
1334 4254 1384 4368 pit
1435 4309 1436 4350 ρ

292 4352 433 4424 consitor
446 4353 601 4442 δεινότητα
612 4351 913 4444 ιιαιηραριῐὍμηρορ
928 4355 961 4423 to
977 4360 1027 4444 τῷ,
1048 4351 1135 4439 duod
1148 4349 1310 4440 pernen
1324 4341 1384 4410 sti·
1434 4379 1436 4456 q
