3064 4810
252 335 329 420 200
505 342 566 412 DE
585 341 883 412 VELITATIONE
902 339 1086 410 BELLICA

252 529 350 594 νησιν.
377 505 452 574 indo
469 504 504 572 δ’
527 503 584 590 οὐχ
596 500 763 592 εῦρῆσωσιν
783 504 875 570 έκεῖσε
890 503 1001 586 αὐτὸν,
1029 501 1100 569 ἀλλ’
1115 499 1342 591 ἀποδοχαρίους

227 653 230 666 ·
252 611 328 688 τοῦς
339 609 417 698 παρ’
442 608 537 675 αὐτοῦ
552 607 826 696 καταλειφθέντας,Ι
850 607 919 672 ῦέον
934 608 966 672 έν
980 608 1081 701 έκείνφ
1095 613 1140 696 τῷ
1155 601 1240 694 τόπῳ
1254 632 1340 693 γενο-

251 715 362 799 μένους
380 718 538 801 φωνῆσαι·
564 711 639 788 τοῦς
659 712 694 786 δέ
711 707 1095 797 ῦποῦοχαρίουςάκριβῦς
1115 710 1339 794 διασκοπουμέ-

249 841 338 900 νυυς,
364 813 454 901 ἡνίκα
473 821 531 900 τῆς
553 819 658 902 φωνῆς
678 812 869 894 αἴσθωνται,
896 809 1069 896 ἕνωθῇναι,
1097 814 1147 878 καλ
1162 811 1214 877 drot
1226 811 1341 898 τάχους

86 925 142 977 Ὲοί·
155 925 206 983 881
224 925 296 1009 arpi
316 924 478 1010 στρατηγῷ
498 914 628 994 τοῦτους
649 913 818 1005 προσάξαι,
846 913 904 982 εἷ’τε
924 919 966 991 είς
980 913 1101 1002 ἑτέρους
1112 911 1204 980 πάλιν
1220 915 1365 1002 ἀγογεΐν5

222 1019 491 1108 Βῦποδοχαρίους,
519 1025 575 1087 τοῦ
596 1025 769 1106 στρατηγοῦ
789 1018 865 1095 ἴσως
885 1015 1253 1102 πάλινμετακινήσαντος.
1276 1019 1339 1106 χρὴ

247 1124 307 1212 γὰρ
328 1123 440 1207 αὐτὸν,
468 1122 525 1194 εἷ’τε
546 1120 629 1200 ἀπαξ
637 1170 648 1202 ,
676 1121 874 1201 ettenorum,
897 1121 930 1184 έν
942 1123 1028 1186 νυκτὶ
1041 1117 1275 1205 μεταπληκεῦειν
1287 1121 1339 1187 ort

249 1226 365 1311 πολλὴν
385 1222 553 1312 ἀσφάλειον
559 1273 571 1307 ,
598 1224 676 1312 πρὸς
690 1222 781 1308 τὸμὴ
794 1219 854 1290 ἀπὸ
870 1229 932 1289 τῶν
945 1225 1095 1306 πολεμίων
1111 1223 1336 1309 ἐνεδρευθῆναι,

249 1325 325 1414 ἔχειν
346 1328 380 1394 δέ
394 1327 488 1394 αὐτὸν
498 1330 548 1393 καὶ
561 1327 670 1414 βίγλας
683 1329 810 1409 διπλᾶς,
838 1329 880 1404 είς
893 1325 1032 1420 φυλακὴν
1045 1321 1141 1392 αῦτοῦ
1155 1323 1312 1424 ἀσφαλεῖς.

193 1491 195 1496 ’
306 1493 391 1551 mo.
406 1485 447 1547 θ’.
480 1489 549 1562 Περί
565 1489 616 1561 τῆς
633 1485 765 1563 κινήσεως
777 1490 829 1547 τοῦ
844 1484 981 1561 κοῦρσου,
997 1489 1045 1546 καί
1062 1485 1283 1560 ἀκολουθήσεως.
1329 1554 1335 1568 ¹

325 1607 393 1670 Τοῦ
414 1605 588 1690 στρατηγοῦ
600 1588 710 1668 ’τοίνυν
731 1601 788 1687 τὴν
808 1601 924 1687 κίνησιν
935 1607 990 1667 τοῦ
1006 1597 1139 1688 κοῦρσου
1153 1595 1339 1684 ἀναμανθά
1347 1612 1385 1668 10

220 1719 374 1788 cronos,
401 1707 575 1793 παραυτίκα
595 1706 646 1770 καί
666 1705 768 1793 ἕτερον
790 1703 925 1788 ἀρχοντα
944 1703 1024 1788 μεθ’
1047 1703 1160 1771 ἱππέων
1181 1705 1346 1785 ἐκλεκτῶν,

246 1804 497 1894 ὑποτασσόμενον
511 1814 555 1897 τῷ
567 1804 800 1896 τουρμάρχῃτῷ
815 1807 1039 1873 ἀκολουθοῦντι
1053 1811 1096 1894 τῷ
1111 1804 1243 1896 κοάρσιρ,
1260 1805 1338 1872 ἀπο-

247 1911 381 1978 στέλλειν
401 1909 479 1998 πρὸς
500 1908 611 1976 αὐτόν·
638 1910 715 1995 ἔχων
733 1909 812 1996 μεθ’
836 1907 947 1976 ἑαυτοῦ
970 1907 987 1976 ὃ
1011 1907 1270 1992 ἀποστελλόμενος
1288 1909 1341 1974 ἵνα

246 2021 310 2080 τῶν
333 2011 419 2100 παρὰ
442 2019 499 2079 τοῦ
517 2009 715 2100 τουρμάρχου
734 2012 955 2101 πεμφθέντων,
983 2001 1197 2096 καταμηνῦσαι
1216 2011 1272 2096 τὴν
1285 2018 1340 2077 τοῦ

143 2169 144 2172 ,
246 2111 381 2203 κοῦρσου
403 2115 519 2201 κίνησιν
539 2121 583 2205 τῷ
600 2121 781 2204 στρατηγῷ,
808 2121 864 2180 τοῦ
879 2114 956 2200 παρ’
979 2113 1074 2179 αὐτοῦ
1093 2111 1284 2199 ῦιίηγηθῇναι
1299 2117 1340 2190 εἰς
1349 2126 1383 2180 15

246 2216 284 2284 τὸ
307 2217 435 2310 εὐχεροῦς
458 2215 621 2303 ἕνωθῇναι.
662 2219 712 2284 καὶ
735 2217 827 2294 αὐτὸς
849 2219 883 2284 dd
904 2213 921 2284 ὃ
942 2217 1112 2304 στρατηγὸς
1136 2216 1265 2284 ὄπισθεν
1285 2223 1340 2282 τοῦ

247 2317 509 2404 ἀποστελλομένου
522 2319 671 2408 ἀρχοντος
683 2317 896 2406 ἀποκινησάτω
908 2319 985 2404 μετὰ
1001 2325 1057 2386 τοῦ
1070 2316 1125 2384 ἀπ’
1143 2319 1239 2385 αὐτὸν
1252 2325 1339 2400 λαοῦ,

248 2425 300 2489 καὶ
327 2421 489 2490 σπιυσάτω
510 2427 693 2508 καταλαβεῖν
713 2423 768 2488 τὸν
787 2419 1001 2508 τουρμάρχην·
1037 2419 1119 2500 ὅπως
1140 2403 1268 2490 ῦίτισθεν
1291 2425 1340 2487 καλ

247 2521 342 2602 αῦτὸς
359 2531 417 2591 τοῦ
439 2522 637 2612 τουρμάρχου
658 2531 703 2614 τῷ
731 2521 852 2614 κοῦρσῳ
874 2531 935 2590 τῶν
951 2527 1102 2608 πολεμίων
1116 2525 1285 2612 ἀκολουθῇ.
1320 2521 1340 2608 ἦ

219 2625 307 2714 ὓγάρ
328 2625 457 2716 ἀκριβὴς
476 2629 527 2692 καί
542 2625 709 2704 ἄπταιστος
723 2625 930 2712 ἀκολούθησις
943 2629 975 2692 έκ
990 2635 1051 2693 τῶν
1066 2625 1193 2693 ὄπισθεν
1207 2635 1269 2693 τῶν
1283 2639 1384 2693 rto-20

247 2732 359 2815 deploro
379 2729 489 2818 ὀφείλει
504 2730 660 2818 γίνεσθαι,
688 2731 767 2796 κοτά
782 2731 821 2797 τὰ
836 2732 954 2798 ἐκείνων
968 2729 1068 2815 ἕννχνα
1082 2733 1132 2795 καὶ
1146 2729 1202 2815 τὴν
1216 2727 1340 2797 ὁδοιπο-

318 2911 342 2964 ί.
371 2901 588 2977 ῦπαῦοχαρίους.
624 2907 666 2962 De
683 2909 732 2963 hac
751 2926 816 2964 voce
835 2907 888 2963 vid.
910 2908 1027 2980 Ducaug.
1048 2909 1165 2964 (ἄλουτοι.
1192 2909 1241 2965 ool.
1263 2907 1339 2966 1644.

316 2981 342 3034 6.
365 2974 609 3049 μετακινήσαντος]
626 2975 665 3049 μή
678 2977 841 3050 κινήσαντος
854 2977 928 3034 codd

247 3146 314 3186 ease.
350 3128 433 3194 Quem
446 3127 470 3182 si
481 3147 531 3184 non
544 3129 628 3202 ipsum
641 3147 672 3184 co
685 3129 714 3183 iu
723 3129 780 3183 loco
795 3129 1005 3199 deprehendunt,
1021 3147 1108 3185 rerum
1129 3135 1291 3202 sumptores
1304 3131 1343 3202 ab

247 3199 292 3252 illo
303 3198 423 3264 relictos,
437 3204 543 3270 oportet
553 3205 584 3253 ut
595 3199 760 3253 advenientes
772 3215 858 3252 rocem
872 3199 986 3252 mittant:
1004 3207 1175 3270 susceptores,
1192 3218 1221 3254 re
1233 3201 1278 3254 dili
1298 3217 1342 3254 en-

248 3275 290 3321 ter
303 3267 437 3338 explorata
448 3285 562 3340 voceque
577 3269 680 3340 agnita,
697 3285 727 3321 se
738 3267 790 3320 itha
802 3267 969 3337 coniungere,
988 3286 1083 3338 eoaque
1104 3270 1223 3322 celeriter
1245 3219 1297 3322 ved
1308 3267 1342 3321 ad

247 3335 353 3402 ducem,
369 3337 412 3391 vel
425 3335 459 3390 ad
469 3338 536 3391 alios
548 3345 710 3420 susceptores
721 3335 876 3406 perducere,
894 3337 915 3388 si
929 3336 1012 3390 denuo
1030 3338 1099 3390 inter
1114 3340 1179 3392 haec
1193 3339 1274 3391 locuru
1288 3335 1342 3389 dux

248 3405 392 3458 mutaverit.
426 3408 541 3490 Oportet
552 3407 619 3460 enim
629 3406 717 3470 illum,
733 3404 836 3458 maioris
850 3405 997 3458 securitatis
1012 3423 1104 3470 causa,
1122 3425 1154 3459 ne
1167 3407 1200 3460 ab
1218 3406 1342 3459 adversa-

248 3471 296 3525 riis
316 3473 542 3542 circumrematur,
565 3474 623 3529 sive
636 3475 713 3528 seura!
726 3475 782 3528 sive
801 3475 840 3526 bic
860 3481 937 3528 noctu
956 3475 1007 3528 alio
1022 3475 1187 3547 transgredi,
1205 3473 1340 3530 excubias-

245 3557 298 3612 que
311 3541 407 3596 habere
423 3543 541 3615 duplices
553 3548 583 3598 et
594 3543 680 3598 firmas
692 3543 725 3598 ad
740 3543 822 3614 ipsum
836 3544 1038 3599 custodiendum.

348 3681 411 3733 cm.
427 3681 469 3732 IX.
503 3682 540 3734 De
556 3688 623 3735 motu
636 3699 719 3734 manus
736 3683 918 3749 praedatoriae,
936 3684 1007 3735 etde
1022 3685 1177 3736 insecutione.

316 3778 376 3832 Dux
388 3779 483 3833 certior
493 3781 579 3836 sactus
592 3769 757 3904 praedatores
770 3801 888 3853 egressos
902 3801 977 3849 ease,
999 3783 1125 3853 evestigio
1143 3783 1250 3842 alterum
1263 3799 1340 3852 prae-
1373 3795 1381 3818 ⁸

247 3845 343 3900 tectum
353 3864 410 3900 cum
423 3849 553 3919 equitibus
563 3851 596 3905 de
606 3853 686 3916 ectio,
704 3852 748 3922 qui
759 3855 920 3906 turmarchae
934 3852 1102 3922 praedatores
1115 3851 1259 3922 insequenti
1280 3853 1343 3904 aab·

249 3916 293 3981 sit,
320 3915 354 3969 ad
377 3932 435 3970 eum
452 3917 554 3972 mittatr
571 3920 615 3990 qui
633 3921 758 3984 mittitur,
775 3937 861 3974 secum
874 3921 1056 3974 habeatunum
1069 3921 1102 3972 de
1115 3921 1185 3986 illia,
1202 3923 1343 3990 quietur-

248 3987 353 4038 raarcha
365 3993 492 4040 venerunt
503 3987 536 4040 ad
556 3990 735 4058 praedatorum
753 3991 936 4059 protectionem
954 3990 1013 4044 duci
1033 3989 1239 4057 significandam,
1256 4005 1273 4042 a
1292 4006 1344 4058 quo

248 4051 371 4119 ducatum,
385 4065 415 4108 ut
428 4056 531 4109 facilius
545 4075 573 4110 se
587 4058 741 4126 coniungere
760 4059 921 4111 turmarchae
932 4067 1017 4128 queat.
1052 4061 1111 4125 ipse
1129 4059 1198 4122 dux,
1215 4075 1272 4110 curn
1291 4055 1344 4108 mis

248 4123 333 4192 copiis
343 4141 359 4174 a
371 4128 446 4192 tergo
460 4125 585 4207 praefecti
599 4126 730 4196 praemissi
745 4126 795 4179 iter
810 4127 957 4196 ingressus,
976 4131 1009 4180 ad
1026 4127 1195 4180 turmarcham
1208 4125 1345 4195 pervenire

248 4197 389 4274 properetr
407 4199 438 4244 ut
489 4213 518 4247 se
538 4211 655 4265 quoque,
677 4195 823 4248 turmarcha
843 4197 1025 4259 antecedente,
1049 4196 1217 4266 praedatores
1236 4193 1345 4248 hostium

248 4263 1162 4404 'athir-‘wentramatha‘tdhtrth‘hhtfflhhthss
1175 4261 1345 4388 λῗίέλωάἰῖ

372 4367 381 4395 ’
957 4373 964 4390 Ι
