2956 4800
258 389 362 477 nm·
684 372 916 444 ce.ussu

257 545 318 600 tem
343 535 376 599 vi
401 535 516 596 1611666
538 531 636 616 plebis
654 531 827 614 perturbari
847 529 1079 614 haudquaquam
1092 549 1179 615 posse
1194 531 1358 596 admiratus

258 649 316 705 661.
357 638 440 699 11666
454 657 486 698 se
502 635 725 704 adolescentulo
744 635 888 696 accidisse
901 634 1004 695 scribit
1017 635 1070 703 40.
1085 633 1119 696 Β.
1154 634 1200 694 116
1213 635 1239 696 61
1253 637 1359 697 616161-

258 761 339 817 mus,
361 761 387 800 6.
404 743 476 807 966.
492 757 561 798 eum
576 735 669 816 egisse
681 755 793 795 annum
810 735 930 798 circiter
948 745 1067 797 sextum
1080 747 1112 798 61
1125 735 1289 814 6661166111,
1310 758 1360 798 66·

257 843 369 924 quitur,
390 851 495 901 natum
512 858 574 898 csse
589 837 643 896 sub
658 857 683 895 a.
695 839 768 905 950.
784 837 869 898 Circa
885 859 911 896 a.
927 843 999 906 978.
1014 859 1074 918 quo
1087 838 1197 900 Basilio
1213 849 1360 899 61166616-

256 954 323 1007 rato
344 943 492 1004 Antonius
513 937 686 1001 Patriarcha
707 950 825 1000 creatus
842 950 900 1019 661,
921 941 954 1000 16
976 941 1135 1002 1161616111
1155 939 1360 1021 ibicertege-

192 1031 203 1050 ’
257 1046 362 1107 mallos
385 1055 608 1120 monstruosos,
630 1041 749 1122 imperii
773 1043 944 1124 provincias
961 1044 1120 1122 obeuntes,
1143 1043 1362 1106 6161666611-

259 1149 338 1208 disse
350 1147 445 1208 tradit
459 1151 529 1212 102.
544 1145 579 1209 Α.
620 1145 693 1204 Post
707 1144 861 1224 aliquanto
881 1145 914 1204 in
930 1146 1089 1224 collegium
1103 1143 1293 1205 sacerdotum
1306 1165 1361 1226 pa-

255 1251 419 1312 latinorum
448 1247 571 1325 ascitus,
598 1266 625 1305 a.
652 1249 726 1312 981.
752 1266 820 1307 cum
841 1245 968 1306 basilius
993 1246 1069 1328 Imp.
1089 1266 1196 1325 magno
1213 1256 1363 1328 apparatu

257 1351 394 1431 bulgaris
415 1349 528 1409 bellum
546 1349 688 1425 inferret,
712 1348 874 1429 castrisque
895 1349 933 1409 66
949 1349 1129 1429 Stoponiurp
1151 1349 1257 1429 positis
1271 1349 1363 1410 Tria·
1462 1383 1467 1398 ι

258 1455 368 1516 6116661
389 1455 578 1535 oppugnaret
596 1443 700 1534 (Cedr.
718 1449 755 1509 Il.
776 1451 847 1518 695.
873 1446 939 1528 C.),
962 1451 1083 1512 diaconi
1096 1469 1218 1511 munere
1233 1451 1363 1530 fungens

259 1567 379 1619 secutus
411 1553 586 1616 comitatum
615 1557 675 1610 est:
703 1551 929 1633 legionibusque
956 1562 1122 1614 retrorsum
1146 1553 1258 1634 raptis,
1289 1573 1363 1614 cum

258 1660 409 1722 exercitus
425 1653 604 1740 perterritus
617 1652 802 1715 interneciva
818 1655 903 1714 clade
917 1655 950 1714 iu
964 1655 1071 1716 itinere
1086 1653 1273 1733 afficeretur,
1295 1653 1364 1736 ipse

258 1779 276 1824 e
303 1743 505 1842 bulgarorum
526 1755 660 1834 undique
682 1756 907 1836 provolantium'
930 1759 1066 1818 manibus
1088 1756 1177 1840 (107.
1195 1752 1251 1842 Β.)
1274 1777 1364 1837 aegra

235 1864 362 1944 ,666611
403 1863 505 1938 Quare
531 1858 641 1939 opinor
660 1857 693 1917 in
722 1857 873 1932 Historia,
895 1860 1009 1938 quoties
1031 1859 1159 1920 Moesiae
1174 1860 1362 1922 mentionem

258 1966 333 2028 fecit
353 1963 452 2046 (velut
468 1967 519 2029 88.
538 1959 600 2042 0.),
621 1967 750 2019 tremere
763 1968 794 2018 61
808 1959 996 2022 exalbescere
1007 1972 1150 2043 tanquam
1165 1963 1281 2023 obiecta
1294 1973 1362 2026 ter-

257 2065 392 2129 ribilire
413 2063 551 2140 videtur,
573 2060 653 2122 nihil
673 2069 710 2118 ut
730 2059 785 2137 sit,
813 2060 896 2140 quod
920 2083 1011 2142 aeque
1027 2065 1054 2124 61
1064 2063 1255 2126 formidinem
1277 2065 1362 2128 dicas

257 2165 406 2227 iniecisse.
449 2165 544 2239 Quem
557 2171 662 2245 postes
676 2161 809 2222 tennerit
819 2161 901 2222 vitae
916 2183 1037 2224 cursum
1050 2185 1145 2245 neque
1160 2165 1225 2246 ipse
1234 2167 1361 2248 indicat,

259 2289 356 2348 neque
369 2267 422 2328 alii
434 2267 573 2328 traduutr
588 2263 652 2324 'nisi
664 2281 737 2324 vero
750 2262 777 2322 61
792 2262 860 2342 quis
878 2273 936 2342 est,
959 2269 1011 2345 qui
1027 2267 1129 2327 addita
1143 2269 1260 2332 demum
1281 2283 1364 2333 aeta·
1444 2325 1452 2332 .

259 2379 320 2431 tea
335 2389 437 2430 rerum
454 2367 720 2430 ecclesiasticarum
734 2385 806 2426 cura
817 2385 884 2426 eum
899 2365 1057 2427 abduxisse
1069 2389 1133 2429 6666
1148 2381 1247 2452 putet,
1270 2383 1363 2454 atqua

176 2521 179 2530 .
207 2471 209 2478 '
259 2471 294 2531 in
318 2490 482 2551 secessum,
503 2469 653 2533 Historiae
672 2468 845 2530 condendae
866 2489 971 2546 66666,
992 2489 1025 2528 66
1038 2470 1194 2550 recepisse.
1238 2475 1366 2538 Constat

262 2583 352 2650 certe,
366 2594 429 2636 nou
442 2573 537 2634 exisse
550 2570 745 2653 scriptionem
758 2578 826 2629 ante
841 2589 867 2630 a.
882 2571 954 2636 989.
969 2573 1273 2650 ’666Β666661116666
1290 2599 1365 2639 con.

259 2683 308 2736 tra
330 2675 472 2735 basilium
492 2676 569 2757 Imp.
586 2673 735 2736 rebellans
758 2691 919 2752 oppressus
938 2681 997 2732 est:
1021 2652 1135 2756 quippe
1147 2677 1210 2740 6166
1222 2679 1366 2744 interitus

245 2759 389 2838 ⁵refertur
411 2781 482 2845 108.
498 2779 532 2840 Β.
571 2774 762 2857 Expugnatr'o
775 2773 954 2852 Chersonia,
973 2775 1083 2856 deque
1101 2781 1172 2846 108,
1188 2783 1219 2842 G.
1235 2793 1265 2843 et
1280 2805 1365 2849 mon

257 2879 362 2940 11661111
376 2879 522 2961 praesidis
538 2875 631 2965 (106.
643 2873 693 2960 D.)
710 2897 788 2937 anno
804 2885 874 2936 ante
886 2876 1070 2938 eruderant
1106 2880 1184 2940 Num
1198 2883 1364 2946 consilium

258 2982 472 3078 1661111661ιὶ,
492 2981 573 3042 ultra
589 2979 752 3041 Tsimiscas
769 2987 897 3040 mortem
911 2979 1058 3042 deducere
1073 2979 1247 3064 historiam,
1269 2986 1364 3048 dubi-

258 3083 319 3145 teri
335 3093 445 3166 potest.
486 3085 562 3146 Nam
583 3083 665 3166 quod
681 3082 788 3143 scribit
809 3087 879 3148 109.
894 3081 929 3141 Β.
943 3085 1037 3161 mala,
1057 3103 1114 3164 per
1126 3086 1244 3146 stellam
1260 3087 1365 3147 crini-

134 3187 142 3198 '
180 3253 184 3261 ,
258 3194 321 3246 tam
341 3197 586 3266 praemonstrata·
607 3181 700 3272 (quae
719 3193 824 3266 postea
844 3183 953 3246 Basilio
971 3185 1137 3268 imperante
1158 3185 1363 3275 evenerunt),

259 3307 314 3348 suo
333 3288 463 3369 quidque
483 3290 588 3350 ordine
609 3290 646 3348 ab
664 3287 793 3374 histor'pr
815 3287 1005 3368 dictamini,
1025 3290 1059 3350 id
1078 3291 1207 3352 fortasse
1229 3309 1293 3350 non
1315 3290 1364 3352 616

259 3390 487 3470 intelligendum
503 3403 562 3470 661,
584 3391 670 3473 qnasi
687 3390 753 3472 ipse
766 3389 822 3449 sibi
836 3409 870 3448 66
883 3401 1040 3470 seponeret
1053 3391 1218 3470 remanda,
1240 3393 1293 3454 666
1305 3411 1366 3474 ge-
1460 3395 1463 3400 ’

220 3524 224 3534 ,
259 3493 403 3570 notatim,
426 3495 493 3554 aliis
513 3515 545 3555 ea
560 3472 758 3575 scriptoribus
771 3473 926 3552 materiam
942 3493 1060 3553 dicendi
1075 3493 1255 3576 praebitura.

345 3595 395 3658 Vl.
416 3597 495 3676 Ergo
510 3597 569 3657 tria
580 3597 768 3678 potissimum
779 3594 869 3672 bella,
895 3593 1061 3672 Creticum,
1084 3594 1268 3676 Asiaticum,
1285 3598 1366 3660 Rus-

222 3681 227 3698 *
260 3697 372 3775 sicum,
394 3697 587 3758 formidolosa
601 3709 690 3778 atque
710 3697 861 3774 difficilia,
883 3695 1041 3755 scribenda
1055 3695 1112 3757 sibi
1124 3699 1248 3777 sumsit,
1269 3699 1364 3761 allbr-

140 3809 174 3864 1).
190 3799 354 3879 vmre'que
371 3799 473 3860 166166
495 3801 596 3862 voluit
615 3801 704 3861 rebus
723 3821 776 3860 sus
798 3807 893 3858 661616
907 3797 990 3874 (959
1003 3797 1149 3883 -975.)
1163 3805 1262 3884 gestis.
1302 3805 1366 3867 Sed

257 3911 304 3962 eat
320 3921 460 3981 magnum
481 3921 590 3964 munus
607 3901 751 3979 historia,
773 3910 803 3962 at
818 3921 857 3963 ax
870 3901 952 3960 omni
965 3902 1132 3994 scripturae
1147 3925 1253 3985 genere
1265 3927 1365 3989 prope

233 4030 242 4060 t
260 4002 360 4064 dicam
373 4003 593 4065 difficillimum
626 4007 705 4065 Sunt
717 4001 880 4084 unicuique
891 4004 1012 4064 saeculo
1025 4025 1096 4065 6666
1108 4007 1265 4068 caecitates
1277 4027 1366 4070 men·

257 4107 386 4184 1161111,
409 4105 545 4186 quamvis
580 4114 697 4167 caetera
725 4106 842 4167 ratione
861 4115 944 4166 recta
968 4106 1099 4184 1661661,
1127 4107 1161 4167 in
1181 4107 1366 4189 quibusdam

257 4213 358 4266 tamen
385 4209 496 4270 erroris
530 4219 620 4290 atque
654 4207 843 4272 hebetudinis
872 4209 913 4269 sit
933 4205 1203 4275 condemnandum.
1252 4211 1366 4274 Infini-

258 4315 322 4369 tam
346 4307 411 4372 rim
433 4309 546 4375 habent
575 4311 752 4396 religiones,
779 4307 935 4390 instituta,
963 4313 1125 4392 factiones,
1154 4321 1271 4378 6661661
1299 4333 1366 4376 non
