2956 4800
267 349 337 396 xn-
707 338 744 406 ο.
764 340 800 407 Β.
821 319 938 408 HASH

266 517 329 581 qno
347 498 424 560 ssatn
443 496 568 578 collegis
584 495 730 559 littemris
750 505 780 560 et
797 497 934 578 religion
945 496 1086 590 universa
1108 498 1232 576 evertit,
1255 497 1360 562 eodem

265 611 301 662 ut
317 601 411 662 multu
426 601 484 662 slis
496 599 608 681 ingenii
624 609 817 660 monumenta
834 599 946 662 chortis
957 600 1122 662 reconditis
1136 601 1293 678 mandato,
1316 603 1360 663 sic

263 704 336 763 item
356 701 478 764 ultime
497 703 640 785 reliquias
660 702 827 766 sedulitetis
850 703 1081 768 combefisisnse
1105 703 1278 784 dissipavit,
1307 713 1361 764 sut

262 805 374 867 obruit.
417 805 505 868 Certe
529 826 630 888 neque
649 813 716 868 tum
735 825 805 868 cum
821 807 1026 886 expilarentur
1045 805 1168 869 libraris
1188 807 1245 867 FF.
1259 806 1362 869 Domi·

261 908 457 989 moruorum,
480 930 577 990 usque
598 929 669 970 eum
688 917 760 990 post
782 909 985 990 surreptiones
1000 909 1098 972 venies
1114 907 1185 972 libri
1199 906 1271 968 inde
1282 907 1361 968 resi·
1434 964 1441 976 ,

261 1009 315 1072 dui
338 1030 394 1092 per
406 1010 604 1072 bibliothecen
623 1011 755 1072 diversae
768 1010 987 1091 diribersntur,
1008 1013 1169 1094 quicquum
1183 1009 1221 1070 ds
1232 1009 1361 1090 repertis

261 1112 431 1175 Gombstisii
453 1112 572 1174 schedis
593 1112 727 1172 ruditum
741 1121 803 1190 est,
822 1111 934 1174 nodum
948 1113 1185 1176 deversionsbue
1200 1111 1308 1174 Leonis
1329 1121 1362 1172 et

259 1213 364 1278 Pselli=
386 1235 461 1296 quse
480 1216 532 1276 rel
547 1215 580 1274 io
591 1213 705 1276 lstsbrs
718 1210 819 1292 eliqua
830 1212 967 1292 ignorate
981 1217 1161 1280 delitescunt
1173 1215 1291 1295 adbuc,
1309 1216 1360 1278 rel

259 1316 358 1403 (quod
372 1316 464 1396 msps
479 1326 526 1380 set
537 1315 690 1389 credibile)
704 1313 826 1386 omnino
841 1314 933 1380 hodio
945 1319 1175 1384 interciderunt.

343 1419 397 1483 lv.
419 1418 536 1498 Quare,
557 1419 609 1480 ubi
627 1417 719 1480 semel
730 1416 763 1478 in
778 1418 911 1482 animum
925 1420 1103 1484 induxeram
1119 1422 1247 1484 Leonem
1259 1421 1293 1482 in
1305 1422 1361 1482 ln-

172 1571 174 1576 .
260 1542 325 1583 cem
347 1523 500 1604 prolerre,
520 1522 588 1583 fieri
605 1519 742 1603 oportuit
761 1539 872 1584 novam
892 1523 1169 1606 interpretationem
1189 1526 1252 1586 siue
1271 1524 1361 1584 hri..

258 1647 345 1687 num:
367 1636 453 1687 extre
467 1647 564 1709 pauco
577 1645 654 1707 quse
664 1643 756 1705 supra
769 1623 851 1702 dixi,
872 1623 907 1686 in
920 1627 1039 1688 criticis
1051 1625 1187 1708 Psgisnis
1197 1646 1359 1688 conserve-

257 1738 299 1790 ts.
341 1728 456 1790 Deinde
480 1727 647 1808 conquisivi
661 1742 744 1806 'ques
757 1726 796 1788 sd
817 1727 1030 1791 illuetrandtnn
1045 1729 1223 1811 scriptorem
1238 1737 1359 1809 epecta-

258 1839 336 1893 rent.
379 1831 448 1910 Sed,
469 1851 560 1914 opera
574 1831 634 1890 ism
646 1831 708 1890 fero
718 1830 804 1912 prelo
816 1841 936 1911 parete,
957 1832 1129 1914 perspicere
1143 1831 1237 1914 coepi,
1259 1850 1359 1911 quen-

258 1944 306 1995 tns
329 1935 395 1996 eius
412 1935 505 1996 editio
529 1931 722 1993 difficultates
748 1941 824 1992 erret
844 1931 1001 2012 hobitum,
1024 1933 1196 2012 eremeliae,
1220 1953 1294 2014 quas
1307 1931 1360 1992 hic

258 2037 381 2099 definite
410 2035 534 2098 edisseri
554 2034 627 2115 quid
645 2034 780 2098 attineti
801 2043 866 2094 tum
889 2035 1123 2114 magnitudinem
1146 2036 1358 2117 impensorum,

256 2141 365 2221 quibus
386 2159 443 2201 nec
460 2137 573 2222 privati
596 2135 730 2196 cuiusvis
742 2135 833 2195 unius
844 2145 1038 2218 suppeterent
1052 2137 1141 2198 focile
1152 2139 1274 2218 copies,
1301 2157 1359 2198 nec

157 2245 189 2302 P.
209 2247 242 2302 Vl
260 2252 340 2302 certe
354 2259 446 2302 mese.
488 2237 673 2314 Accedebat,
695 2245 731 2296 ut
741 2236 806 2318 ipse
820 2235 851 2296 in
866 2237 1052 2298 Bibliotheca
1067 2238 1158 2317 Regia
1168 2240 1223 2300 snb
1234 2239 1269 2299 id
1281 2248 1359 2316 tent-

253 2365 311 2428 pus
325 2361 420 2403 essem
437 2341 695 2422 occupatissimus,
706 2339 844 2410 notitiem
858 2338 952 2398 codd.
961 2337 1084 2401 Greecc.
1098 2359 1137 2398 ex
1149 2339 1237 2400 Itslio
1251 2359 1357 2400 recens

255 2449 416 2507 allatorum
436 2444 583 2505 conficere
596 2459 726 2518 conum,
747 2441 866 2520 qualem
879 2441 916 2502 de
929 2439 1023 2502 Codd
1040 2440 1222 2502 Florentinis
1237 2440 1357 2502 bandi-

254 2550 341 2626 niue,
370 2548 409 2607 de
432 2543 717 2606 vindobonensibns
738 2543 912 2604 anbeciua
934 2541 1103 2604 ediderunt.
1145 2541 1356 2620 Qusmobrem,

255 2673 316 2734 qno
341 2651 447 2712 esltsm
460 2648 672 2728 intelligerem,
694 2645 782 2726 quale
794 2645 928 2708 virorum
943 2644 1101 2706 doctomm
1114 2645 1261 2708 iudicium
1273 2639 1357 2708 iutu-

253 2773 322 2815 rom
342 2751 469 2813 ossetds
481 2751 596 2828 Leone,
618 2749 690 2809 setis
709 2759 785 2809 tuuc
805 2747 915 2826 hebui,
936 2747 1048 2808 librum
1061 2756 1193 2826 sextum,
1213 2757 1249 2809 ut
1262 2758 1357 2810 erate

252 2877 301 2916 me
324 2875 446 2932 versus,
468 2873 602 2915 seorsum
622 2851 793 2934 speciminis
814 2871 900 2912 cetus
915 2851 949 2910 in
969 2851 1068 2911 lucem
1081 2851 1218 2932 prolerre
1234 2853 1356 2912 Noricos

252 2971 281 3017 et
291 2959 434 3018 Extraite
449 2956 501 3016 des
517 2959 592 3018 illes.
606 2953 643 3015 de
659 2956 693 3014 ln
704 2954 920 3036 Bibliotlsique
936 2950 980 3012 du
994 2953 1058 3014 Jnn·
1069 2961 1127 3018 etc.
1141 2952 1222 3016 VIII·
1235 2954 1300 3022 254
1312 2987 1356 3002 ··

251 3065 324 3126 296.
366 3058 469 3138 Neque
484 3059 644 3140 quicquum
656 3057 784 3139 posthac
799 3057 925 3139 propius
940 3062 985 3116 eet
1000 3054 1129 3136 loetum,
1150 3076 1241 3138 quem
1252 3065 1288 3118 ut
1299 3076 1355 3116 co-

186 3155 197 3172 “
250 3159 426 3240 gilotionem
447 3160 586 3221 editionis
614 3161 747 3240 integros
766 3161 888 3222 omnino
907 3157 1099 3222 dimitterem.
1140 3159 1264 3240 Aliquot
1282 3157 1356 3218 enni

251 3284 322 3324 cum
345 3263 389 3324 sic
410 3263 614 3341 effluxissent,
636 3285 683 3324 me
704 3264 771 3324 eliis
789 3259 1045 3325 sollicitudinibus
1059 3259 1198 3341 curisque
1214 3261 1356 3339 distento,

249 3386 320 3427 ecce
341 3367 391 3428 vir
411 3365 535 3443 doctus,
558 3385 618 3447 qno
638 3386 726 3426 nemo
743 3367 825 3427 omni
838 3363 1026 3444 entiquitatis
1039 3364 1356 3444 septentrionslisms-

248 3469 345 3528 moris
360 3469 576 3547 obundontior,
600 3489 688 3530 nemo
700 3469 733 3530 in
746 3467 950 3532 monumentis
964 3463 1107 3526 historiae
1124 3465 1266 3526 Russicae
1282 3485 1355 3524 exo·

248 3567 408 3647 minandie,
431 3571 658 3654 componendis,
681 3571 867 3655 explicsndis
881 3569 1063 3632 acutiorsut
1077 3569 1210 3646 felicior,
1232 3565 1355 3648 Philip-

246 3693 305 3754 pus
318 3673 421 3752 Keuo,
437 3673 613 3735 Academiae
626 3673 792 3756 lmperislis
802 3672 997 3735 scientiarum
1008 3671 1249 3753 Petmpolitunae
1263 3670 1354 3730 decus

247 3787 278 3838 et
299 3787 526 3855 ornamentum,
548 3776 633 3838 ultro
654 3799 704 3840 me
724 3777 833 3840 litteris
856 3775 933 3838 mire
946 3773 1033 3856 pusio
1040 3817 1050 3854 ,
1074 3773 1196 3854 amieis,
1218 3771 1355 3834 candidis

247 3879 342 3958 odiit,
364 3878 502 3960 nihilque
523 3878 661 3961 opinanti
683 3879 947 3956 commonstravit,
965 3877 1216 3958 quenadmodum
1230 3874 1276 3938 rei
1290 3873 1356 3954 pri-

247 3981 317 4043 dem
335 3981 493 4042 institutae
522 3979 673 4062 expediri·
686 3983 786 4044 exitus
808 3993 919 4064 posset.
960 3982 1076 4062 Nempe
1096 3977 1215 4061 imperii
1234 3973 1355 4038 Rustici

245 4083 483 4162 Centenarium,
505 4091 561 4145 etc.
577 4083 624 4145 ill.
651 4083 797 4145 Comitem
808 4085 966 4146 Nicolsum
978 4103 1017 4144 nn
1030 4085 1231 4158 Roueesors,
1252 4077 1355 4142 vuum

246 4196 283 4248 nt
307 4187 391 4248 omni
413 4205 588 4268 magnorum
613 4207 715 4248 rerum
730 4187 821 4248 lsuds
839 4189 1047 4267 cumulatum,
1066 4185 1111 4248 its
1124 4194 1229 4248 netum
1240 4199 1356 4264 prove-

245 4285 354 4350 hendis
374 4289 546 4352 liberalibus
565 4289 691 4368 studiis,
713 4311 784 4352 cum
796 4289 830 4352 in
843 4311 950 4356 meum
960 4290 1025 4354 eius
1040 4289 1195 4352 incidisset
1204 4284 1356 4370 specimen
