2984 4798
768 221 786 270 t

235 349 320 428 ott
445 360 486 429 u.
505 345 554 428 nt.
579 357 782 428 rooemu
803 360 1151 432 sunoraatonns

244 517 324 582 cussi
345 517 493 580 caderent.
542 517 652 578 Nullus
672 516 901 596 historicorum,
934 538 1064 600 querum
1090 519 1205 601 scripta
1226 520 1265 580 ad
1282 542 1338 582 nas

165 683 169 690 Ι
243 625 426 689 pervenere,
448 606 507 664 tals
528 602 691 685 Nicephori
713 613 913 664 commentum
937 604 1102 664 recensuit:
1132 607 1184 665 sed
1207 607 1339 666 fortassis

244 692 282 751 de
296 711 330 750 eo
342 690 522 753 mentionem
535 691 646 749 fecerat
659 690 718 748 Leo
734 690 898 762 bissenus,
922 690 974 769 qui
988 691 1076 769 pluro
1088 690 1122 750 in
1136 690 1195 750 bac
1209 691 1340 750 Cretensi
1361 693 1366 706 '

244 775 462 856 expugnatione
478 774 640 857 Nicephori
655 782 879 854 stratagemate,
900 783 977 835 teste
993 774 1081 854 Pugio
1094 775 1169 838 ibid.
1184 795 1252 856 pag.
1269 777 1339 842 874.

242 869 470 922 memoraverat.

249 970 252 981 ·
316 949 381 1012 ·62·
402 936 610 1024 Aento'vqrav]
632 944 676 1004 lta
691 944 797 1002 melius
816 942 931 1021 corrige
948 963 1004 1023 pro
1018 939 1216 1025 ternisqpov.

328 1029 392 1110 [64.
405 1029 502 1090 Verba
515 1035 569 1108 τῆς
583 1031 727 1112 ἁμαρτίας
739 1029 887 1106 iungenda
902 1027 1119 1090 videnturoum
1133 1024 1254 1110 ποινήν.
1262 1027 1293 1088 F.
1302 1027 1338 1108 l.]

328 1120 380 1180 68.
403 1111 511 1178 osseo
526 1109 579 1195 εἷς]
597 1116 642 1174 lta
653 1115 719 1193 lego
732 1114 806 1174 haec
818 1113 918 1191 verba,
940 1133 1015 1194 quae
1026 1115 1168 1175 mendosa
1183 1123 1215 1174 et
1236 1134 1340 1174 manca

243 1199 338 1261 edidit
356 1201 521 1259 Cornelius.

327 1289 379 1350 77.
401 1279 527 1363 Σεήπφ]
550 1285 767 1344 Saracenorum
780 1283 1045 1363 perturbationem,
1062 1284 1280 1362 clamoremque
1293 1281 1341 1342 iu-

243 1377 293 1428 ter
306 1387 355 1428 eos
376 1370 537 1428 excitatum
551 1369 595 1428 rei
609 1368 828 1428 crudelissimae
849 1369 1000 1445 novitate,
1022 1369 1145 1450 propria
1161 1389 1264 1427 eorum
1278 1369 1341 1427 tin·
1357 1363 1361 1372 '

245 1473 304 1532 gara
325 1472 360 1512 ao
375 1453 503 1512 dialecto
531 1453 674 1533 exprimit
693 1453 887 1514 Theodosius.
930 1453 1026 1513 Verba
1046 1453 1188 1514 videntur
1203 1453 1340 1528 Turcica,

245 1537 299 1597 sed
314 1537 508 1598 difficillimae
520 1537 789 1618 interpretationis,
818 1540 888 1618 quia
908 1539 1040 1598 obsbleta
1061 1547 1092 1598 et
1111 1538 1230 1598 Graecis
1254 1538 1342 1596 litte-

244 1622 288 1684 ris
309 1623 434 1683 tortasse
457 1643 519 1683 uon
535 1625 598 1684 sine
613 1623 729 1684 librarii
753 1624 868 1684 mendis
889 1643 1037 1706 expressa.
1079 1623 1112 1682 si
1130 1623 1205 1703 quid
1219 1621 1341 1682 interim

245 1709 414 1786 emerserit,
427 1709 571 1768 dabimus
587 1709 626 1768 ad
638 1709 757 1768 calcem.
935 1773 942 1791 ,

331 1793 399 1873 [80.
427 1796 552 1854 Sensus:
583 1793 728 1874 oppidani
746 1795 906 1854 clamorem
925 1793 1066 1854 tollentes
1085 1791 1185 1873 patrio
1204 1811 1342 1852 sermone

242 1876 423 1955 utebantur,
443 1879 497 1938 ills
508 1887 606 1938 autern
622 1881 774 1938 Cretenses
789 1880 946 1940 occidendi
961 1880 1039 1940 ratio
1054 1888 1143 1939 tuum
1154 1887 1217 1938 erat
1229 1877 1341 1938 inven-

243 1971 327 2041 tum,
348 1963 566 2044 recensitoque
582 1973 612 2024 et
626 1963 788 2024 insolitum.
809 1963 843 2023 F.
858 1964 897 2044 l.]

329 2052 380 2116 82.
400 2043 540 2131 Ἅμηρᾶς]
564 2049 656 2108 Amir
682 2069 745 2110 vox
762 2048 906 2126 Arabica,
928 2069 1004 2130 qaae
1023 2047 1254 2110 dominumssseu
1281 2046 1342 2106 do-

244 2130 421 2193 minatorem
446 2134 609 2212 significat,
639 2153 677 2192 ex
700 2153 774 2212 qua,
802 2145 868 2194 tum
884 2136 971 2214 apud
995 2135 1140 2209 Graecos,
1169 2143 1234 2192 tum
1257 2133 1340 2212 apud

244 2217 367 2278 Latinos
383 2220 528 2299 sequioris
540 2219 607 2280 aevi
621 2219 750 2279 deducta
765 2229 836 2278 suut
849 2219 937 2300 plura
952 2220 1096 2279 vocabula
1113 2219 1152 2277 ad
1165 2217 1343 2296 significan-

247 2303 300 2363 das
319 2305 401 2384 apud
425 2308 585 2366 Saracenos
608 2311 637 2364 et
651 2305 764 2364 Turoas
788 2305 901 2382 varias,
923 2325 996 2385 quas
1012 2303 1179 2379 habebant,
1203 2323 1270 2362 cum
1284 2303 1343 2362 ali-

132 2393 164 2448 l'.
180 2389 233 2449 884
247 2407 307 2468 quo
322 2389 447 2469 imperio
461 2389 628 2468 dignitates.
671 2389 752 2463 Quin
767 2391 855 2449 etiam
873 2409 912 2450 ex
925 2410 957 2449 ea
973 2409 1049 2450 voce
1063 2387 1145 2468 apud
1164 2409 1219 2447 nos
1235 2388 1267 2446 in
1281 2386 1342 2448 ho-

137 2462 194 2518 ⁰⁰l
208 2463 224 2516 ¹
246 2493 321 2534 nore
333 2483 378 2532 est
389 2473 497 2532 titulus
512 2475 729 2554 Ammiragls'o,
751 2494 810 2553 qua
826 2475 919 2534 Siculi
934 2495 1064 2534 summos
1076 2473 1215 2532 classium
1227 2475 1342 2553 praefe-

127 2625 131 2628 ,
244 2567 308 2618 ctos
318 2557 355 2616 ad
366 2561 581 2618 Saracenorum
594 2557 789 2618 imitationem
803 2561 965 2641 appellasse
979 2559 1120 2620 videntur
1132 2557 1232 2637 primi.
1261 2559 1341 2618 Por-

237 2661 278 2703 ·ro
301 2643 424 2702 Amerae
444 2641 536 2702 hui'us
549 2643 582 2701 in
602 2645 688 2702 Creta
705 2653 781 2703 tunc
794 2645 970 2726 imperantis
986 2664 1096 2706 nomen
1117 2644 1224 2704 reticet
1240 2650 1340 2722 poeta,

242 2725 294 2786 sed
311 2727 396 2786 nobis
418 2727 497 2786 illud
508 2727 670 2788 innotescit
690 2747 728 2787 ex
749 2747 899 2810 anonymo
918 2731 1134 2789 Continustore
1149 2727 1341 2809 Theophanis

235 2811 376 2872 inlisus.
392 2812 458 2872 lun.
472 2833 502 2872 n.
526 2813 745 2893 stipantes.
766 2823 796 2874 et
816 2835 854 2875 ex
869 2811 1005 2876 Gedreno
1023 2833 1089 2896 pag.
1110 2813 1181 2880 643.
1205 2815 1255 2893 qui
1271 2834 1341 2873 eum

236 2893 430 2978 ‘Kovpodrtoe
448 2897 608 2978 Curupam
622 2907 748 2969 vocant,
772 2919 828 2960 nec
848 2921 911 2959 non
926 2919 965 2960 ex
979 2898 1117 2960 Simeono
1128 2899 1287 2977 Magistro,
1308 2909 1340 2958 et

240 2981 423 3060 Logotheta,
443 2985 476 3042 in
488 2983 578 3049 nom.
600 2983 666 3044 lun.
686 3003 768 3048 num.
790 2984 841 3046 lv.
863 3005 931 3067 pag.
956 2985 1029 3054 498·
1051 2985 1102 3066 qui
1124 2985 1228 3065 paullo
1251 2984 1340 3044 aliter

242 3062 387 3154 Koupdran
404 3068 558 3147 Cisropam
572 3087 640 3128 eum
655 3078 822 3150 nuncupat.

235 3171 241 3180 '
325 3156 376 3220 83.
404 3150 461 3216 rto
476 3154 508 3216 tn
524 3148 644 3234 Πύλου]
664 3155 792 3232 Pylium
808 3175 914 3230 senem,
935 3153 1090 3214 Nestorem
1109 3175 1226 3235 nempe,
1249 3175 1339 3235 quens

235 3245 387 3320 tamquam
401 3239 584 3298 Graecorum
600 3239 827 3299 disertissimum
842 3241 959 3321 saeptus
972 3239 1114 3300 describit
1126 3239 1285 3304 Homerus.

325 3324 388 3404 [89.
412 3322 547 3406 γέροντες
567 3323 601 3386 ἐν
617 3319 898 3408 miseriationum,
919 3343 1002 3385 senes
1021 3327 1146 3386 Amerse
1163 3335 1258 3386 aetate
1275 3345 1340 3385 an·-

237 3406 346 3487 nisque
359 3409 507 3488 aequales.
522 3409 556 3470 F.
569 3407 604 3489 l.]

324 3488 593 3577 wentenum]
616 3493 770 3555 Cornelius
795 3493 895 3555 minus
915 3503 1050 3556 correcte
1079 3493 1227 3577 uanoque
1248 3515 1340 3558 sensa

110 3625 116 3638 .
234 3573 333 3636 edidit
350 3573 510 3656 dqiindoig.

325 3661 403 3726 Jttd.
423 3661 622 3744 Ἡπλωμὲνος]
645 3665 781 3744 Curupas
798 3671 878 3724 certa
893 3663 1061 3746 imperium
1071 3685 1159 3726 suum
1177 3665 1338 3728 extendere

239 3745 407 3824 nitebatur,
430 3751 572 3828 quoniam
595 3749 728 3825 barbari,
749 3757 824 3809 teste
845 3769 994 3830 anonymo
1008 3751 1223 3810 continuatore
1235 3749 1338 3810 'lireo-

237 3831 346 3912 pbanis
375 3833 409 3893 in
426 3835 511 3898 Rom.
532 3835 597 3894 lun.
614 3853 646 3896 n.
670 3834 733 3896 Vll.
760 3855 826 3916 pag.
855 3840 933 3909 296,
955 3831 1050 3898 πολλὰ
1072 3831 1158 3898 decori
1177 3835 1230 3898 sai
1256 3831 1338 3900 aurai

238 3916 290 3978 nal
311 3918 511 3999 αἰχμαλωσίας
525 3914 604 3982 καθ’
626 3913 755 4001 meteres
775 3921 817 3994 εἰς
837 3917 894 4000 τήν
911 3918 1065 4000 Ῥωμαίων
1082 3925 1142 4002 γῆν
1166 3919 1337 3998 ἐποιοῦντο,

236 3994 295 4079 ἐφ’
317 3997 386 4066 ὅτου
407 3999 524 4086 ταύτην
542 4001 599 4085 τήν
616 4000 748 4090 μεγάλην
768 4009 864 4086 νῆσον
878 3998 1072 4087 ἐπόρθησαν,
1097 4003 1214 4064 damna
1233 4009 1338 4066 multa
1469 4028 1476 4091 ζ

236 4106 275 4144 ac
290 4087 375 4146 mala
390 4091 527 4167 quotidie
542 4091 694 4150 Romanis
714 4091 901 4168 inferebant,
924 4094 1122 4170 captivosque
1142 4111 1181 4150 uo
1196 4091 1337 4170 prodas

235 4169 416 4252 abigebant,
443 4196 501 4256 quo
519 4197 553 4234 ea·
571 4187 700 4258 tempore
716 4187 838 4236 vastam
856 4195 924 4234 eam
946 4176 1082 4234 insulam
1105 4197 1181 4234 escae
1203 4173 1336 4236 ditionis

122 4317 125 4328 ,
224 4259 382 4334 ficerunt:
404 4261 456 4319 sed
472 4263 658 4340 potissimum
674 4260 712 4320 ob
727 4261 883 4322 victoriana
900 4262 937 4321 ds
953 4261 1073 4321 Graecis
1085 4281 1185 4341 nuper
1198 4271 1336 4342 reporta.

232 4351 295 4403 tam
311 4345 400 4404 nimis
415 4345 645 4426 insolescentes,
668 4347 795 4406 Romani
810 4347 935 4428 Imperii
952 4345 1021 4407 loos
1038 4346 1071 4406 in
1085 4347 1259 4408 servitutem
1280 4367 1333 4408 re-
