2994 4796
392 357 449 471 ιιι
468 395 988 468 monitumnonitum
1179 387 1254 462 511
1377 381 1383 390 “

153 557 313 642 princeps,
339 556 445 638 legatis
464 557 503 618 ad
523 555 699 618 llasuicinm
719 554 794 636 Imp.
819 555 930 631 missia,
959 549 1014 619 τον
1031 537 1070 618 Ινδ
1092 547 1256 637 τηνικαῦτα
1277 583 1281 596 ·

152 636 373 726 τοῖνἍβᾶραιν
391 638 581 725 ἡγούμενον,
610 642 764 705 στείλαντα
781 639 920 723 πρέσβεις
939 636 1082 721 rapienda
1098 645 1152 721 τῆς
1170 637 1256 706 arioa-

72 793 76 802 ,
152 730 230 811 βοῦς
247 723 376 808 λήξεως,
397 727 449 790 οιαὶ
464 723 502 790 roi
521 731 656 810 σκῆπτρα
671 730 726 806 τῆς
740 723 893 807 Ῥωμαίων
909 722 1002 806 ἀρχῆς
1019 723 1179 805 κατέχοντα
1192 723 1257 791 adra
1351 775 1358 790 .
1407 748 1414 770 ·

152 814 331 894 Menelaion
338 857 353 890 ,
383 813 436 874 sol.
454 819 496 880 97
518 823 614 885 recto,
638 831 706 871 cum
722 831 784 870 non
807 820 909 890 posset
927 810 1074 870 intereos
1095 811 1256 890 quicquam

153 897 331 976 convenire,
355 915 472 958 omnem
495 897 702 962 sclavinorum
723 905 838 974 gentem
863 895 897 955 in
916 893 1159 956 Thessalonicam
1179 896 1256 955 elfu-

117 975 119 979 ’
152 983 206 1044 dit.
249 983 324 1042 Nam
339 993 403 1044 erat
415 993 491 1042 tunc
504 992 567 1042 tota
582 981 657 1042 haec
672 982 755 1042 statio
771 981 803 1040 in
820 981 940 1042 ditione.
952 981 1032 1042 eiua:
1054 979 1181 1068 siusiuoa
1200 977 1257 1062 yolo

152 1062 237 1153 adipi
251 1073 417 1148 τηνικαῦτα
430 1064 464 1130 sd
479 1067 570 1141 ἔθνος
583 1062 682 1130 ἅπαν·
705 1086 765 1147 qno
780 1067 1013 1143 confirmantur,
1035 1085 1110 1146 qnae
1127 1067 1257 1144 Engelus

151 1153 220 1214 loco
237 1153 286 1219 cit.
311 1154 335 1217 Ι.
358 1155 430 1220 258.
453 1153 485 1213 G.
505 1153 544 1212 de
557 1152 704 1212 Sclavinia
724 1161 794 1232 post
813 1173 839 1214 a.
856 1152 1111 1218 maeonium
1131 1152 1255 1230 imperio

150 1237 291 1318 subiectis
309 1247 396 1298 acute
408 1239 549 1318 disputat.
576 1239 722 1318 Sequitur
733 1237 766 1296 in
777 1237 849 1296 Cod.
862 1237 951 1315 longa
962 1236 1094 1298 narratio
1110 1236 1147 1296 de
1159 1235 1256 1300 'thea-

154 1322 284 1382 aalonics
299 1323 344 1384 bis
359 1323 414 1382 sub
431 1323 575 1384 Mauricio
587 1324 663 1404 Imp.
679 1321 821 1384 acerrime
835 1333 1024 1402 oppugnata,
1045 1322 1135 1384 semel
1148 1331 1255 1382 tunca

151 1407 315 1484 sclavinia,
345 1409 453 1468 iterum
474 1411 511 1470 ab
531 1409 604 1490 ipsis
626 1408 752 1469 Avaris:
786 1407 883 1487 dequo
908 1407 1039 1470 civitatis
1062 1417 1132 1488 post
1151 1408 1282 1468 variaaB

150 1513 338 1573 summaeque
353 1494 502 1574 angustias
515 1493 677 1575 improvise
694 1493 878 1553 liberatione.
922 1493 1006 1566 Quae
1024 1493 1123 1573 omnia
1142 1502 1212 1553 ante
1226 1515 1254 1558 a.

148 1583 229 1655 602,
251 1599 312 1658 quo
333 1599 435 1640 caesus
457 1589 502 1639 eat
517 1579 696 1654 Mauricius,
717 1586 812 1657 gesta,
837 1577 873 1647 ab
890 1579 1069 1658 oculatoqne
1091 1587 1166 1638 teste
1185 1599 1252 1658 per-

27 1681 28 1684 ’
148 1664 262 1743 scripta
288 1663 352 1743 (qui
374 1663 442 1724 ideo
466 1664 549 1723 aliua
564 1684 626 1722 ease
642 1662 729 1722 debet
749 1682 784 1720 sc
805 1661 930 1722 Ioannes
953 1663 990 1722 ll.
1010 1661 1253 1743 archiepiscopus

147 1745 435 1822 Thessalonicensis,
458 1747 538 1808 circa
552 1769 579 1808 a.
592 1751 664 1814 680.
677 1741 820 1828 florens),
842 1755 877 1806 nt
892 1747 1132 1826 supplementum
1146 1747 1253 1806 Hiato-
1326 1801 1329 1806 .

50 1861 53 1870 ’
147 1831 210 1894 riae
223 1831 444 1912 Theophylacti
457 1833 635 1892 Simocattae
646 1831 678 1890 in
692 1833 791 1912 aliquo
805 1831 1045 1912 subsequentium
1052 1817 1255 1910 voluminum:
1287 1819 1297 1838 ⁰

146 1925 181 1974 ut
197 1915 336 1992 diximus,
353 1917 378 1977 ai
390 1937 438 1978 rea
454 1928 571 1978 nostroe
586 1916 720 1992 siverint,
737 1917 891 1996 aliquanto
904 1917 1134 1998 plenioraatque
1149 1939 1249 1978 emen-

31 2037 50 2053 ··
147 1999 262 2060 datiora
278 2022 367 2080 qoam
383 2011 454 2061 sunt
465 2003 497 2062 in
511 2004 596 2062 Actis
611 2003 805 2077 Sanctorum,
826 2002 1022 2082 proferemus.

230 2088 311 2166 Pag·
336 2091 405 2152 176.
427 2088 484 2148 lin.
505 2087 542 2153 4..
558 2083 593 2151 sd
610 2085 810 2168 ἡμισφαίριον
826 2091 881 2167 τῆς
895 2082 1035 2173 ὑπερῷος
1052 2089 1107 2166 τῆς
1122 2079 1252 2170 μεγάλης

18 2213 24 2224 -
146 2167 315 2250 ἐκκλησίας]
338 2170 428 2232 Plura
441 2171 478 2232 de
492 2169 710 2253 hemisphaerio
726 2171 779 2230 illo
798 2171 968 2250 Ducangius
983 2172 1032 2232 Ad
1046 2171 1133 2232 Pauli
1151 2173 1252 2232 Silen-

145 2253 227 2314 tiarii
251 2255 483 2336 descriptionem
506 2260 535 2318 S.
551 2254 679 2338 Sophiae
693 2257 766 2323 546.
786 2255 819 2316 Β.
862 2257 971 2334 Terrae
988 2266 1112 2336 motum,
1134 2258 1248 2339 dequo

144 2337 196 2399 hic
215 2339 286 2416 Leo,
307 2351 453 2402 memorat
467 2342 640 2402 Elmacinus
654 2341 767 2402 Hister.
781 2343 880 2402 Sarac.
895 2343 969 2410 252.
985 2343 1020 2405 C.
1048 2341 1191 2421 Similem,
1213 2353 1251 2404 ut
1305 2391 1308 2398 .

143 2421 195 2483 hic
211 2425 265 2484 sub
279 2425 403 2503 Basilio,
425 2427 565 2506 Agathino
588 2427 659 2494 145.
676 2427 708 2487 C.
723 2426 961 2488 aub'luatiniano
976 2427 1120 2488 occidisse
1135 2429 1249 2490 scribit.
1290 2473 1298 2490 .

142 2509 228 2569 Alius
244 2510 299 2569 sub
308 2511 580 2572 Mauricio'tantom
594 2511 770 2591 Byzantinis
785 2512 975 2574 formidinem
989 2513 1105 2592 intulit,
1128 2523 1250 2576 anctore

110 2613 114 2622 ’
143 2593 360 2702 Theophplact.
382 2597 544 2658 Simocatta
563 2595 676 2662 Histor.
703 2597 755 2664 24.
768 2597 802 2656 D.
820 2596 863 2672 olo
880 2596 933 2661 uui
946 2594 1018 2674 rode
1039 2597 1250 2681 ianopuaoaiv-
1356 2647 1362 2655 -

142 2699 195 2752 τας
214 2677 276 2743 duo
292 2683 349 2744 τοῦ
364 2680 451 2756 δέους
466 2677 582 2766 diodor
604 2677 803 2764 μετάλλεσθαι
826 2683 867 2764 [l.
880 2678 1098 2765 prostrassem]
1116 2681 1195 2768 πρδς
1212 2681 1249 2750 ad

143 2767 280 2843 σῶφρον.
324 2765 407 2839 Quae
433 2767 535 2848 inepte
555 2768 648 2828 vertit
666 2767 792 2838 Iacobus
813 2769 982 2828 Pontinus:
1023 2781 1060 2827 ut
1080 2772 1174 2829 etiam
1195 2775 1250 2852 qui

143 2867 292 2927 equarum
308 2851 340 2906 irs
356 2871 469 2909 moram
481 2851 648 2916 libidinum
658 2855 766 2930 furiis
777 2856 986 2932 agitarentur,
1009 2855 1065 2912 icti
1079 2867 1173 2932 metu,
1195 2873 1275 2928 re-c

136 2943 228 3012 pente
251 2929 296 2989 od
308 2930 501 3014 pudicitiam
519 2959 589 2995 oeae·
603 2935 720 2998 darent.
765 2939 841 2997 Sunt
860 2938 940 2998 enim
960 2939 992 3000 ol
1003 2938 1248 3020 ἱππομανοῦνσος

20 3024 32 3044 ·
140 3015 277 3077 homines
291 3018 479 3097 equestribus
491 3021 571 3081 ludis
584 3021 646 3082 aive
661 3022 748 3081 Cir'co
765 3021 869 3099 dediti,
886 3021 939 3102 qni
953 3043 1055 3082 omines
1070 3043 1110 3084 ex
1121 3045 1245 3105 gymne-

141 3104 187 3163 sio
210 3107 273 3165 sair
286 3102 421 3166 laurada
437 3097 668 3188 ἀγωνισμάτων,
691 3105 728 3165 de
744 3125 803 3184 quo
820 3107 980 3167 Simocutlfl
996 3108 1097 3169 atflfim
1111 3109 1244 3191 4108425·

138 3188 174 3248 A.
191 3187 224 3248 in
240 3185 379 3250 ecclesias
394 3190 579 3272 trepidantes
599 3209 631 3251 ae
648 3191 852 3254 coniecerunt.
1013 3186 1016 3194 ’

225 3272 302 3337 [bid.
323 3274 377 3335 lin·
399 3277 429 3341 8·
451 3273 471 3340 o‘
489 3275 523 3340 ἔν
541 3281 605 3352 τοῖς
622 3267 811 3358 Edrooulov]
836 3278 877 3336 De
902 3276 1039 3358 Eutropii
1055 3286 1146 3358 portu
1162 3277 1244 3338 Ban-
1296 3297 1300 3310 ·
1357 3337 1360 3343 .

139 3353 327 3499 durillmper.
338 3359 458 3502 1(prient.
472 3359 508 3422 11.
518 3365 590 3429 738.
607 3361 643 3422 A.
657 3370 687 3421 et
701 3361 806 3423 Petrus
817 3361 937 3444 Gylliua
949 3363 1002 3422 lie·
1010 3363 1141 3444 Bosporo
1150 3361 1242 3425 Thra·

140 3439 186 3499 cio
222 3485 231 3499 .
251 3446 323 3508 338.
365 3488 372 3504 .

201 3525 302 3586 ‘ltu
325 3529 379 3588 lin.
400 3537 430 3598 9.
452 3527 503 3593 uel
523 3526 540 3594 ὁ
558 3528 592 3595 ἐν
613 3522 695 3615 oo’oot
715 3525 877 3613 μονασνής]
902 3529 996 3606 Quem
1019 3551 1127 3612 usum,
1145 3543 1182 3594 ιιι
1194 3533 1244 3596 Si-

137 3607 252 3670 mconia
274 3611 400 3692 Stylitae
421 3615 486 3675 situ
506 3615 565 3678 visi
587 3616 719 3695 religiosi
735 3637 826 3698 super
850 3617 995 3678 colomnis
1011 3627 1136 3679 aetatem
1152 3619 1243 3700 dege-

136 3705 216 3774 rent,
231 3695 269 3755 ad
284 3697 435 3758 saeculum
448 3721 506 3764 xri.
518 3701 694 3784 perdurasse
709 3712 814 3776 auctor
826 3711 871 3762 eat
883 3703 1001 3763 Nicetes
1017 3701 1155 3766 Choniat.
1170 3706 1242 3772 244.

137 3780 170 3840 (l.
198 3781 343 3854 isaacium
361 3784 506 3862 Angelum
527 3806 708 3847 convocasse
723 3783 794 3862 rode
816 3783 1008 3870 γομνὸιιοόας
1021 3789 1073 3853 ual
1091 3783 1245 3872 χαμεύνας

136 3867 199 3927 τοῖν
212 3869 370 3946 μοναχοῖν,
390 3867 443 3930 καὶ
457 3863 524 3933 ὅσοι
536 3873 617 3935 κίοσι
629 3875 684 3954 τῆς
697 3875 755 3954 γῆς
769 3868 1000 3955 α’περήρθησαν.
1043 3875 1119 3936 Mire
1132 3875 1243 3936 Hiero-

134 3968 245 4028 nymus
264 3951 390 4012 Wolfius
403 3954 503 4032 vertit,
525 3957 620 4015 veluti
635 3959 786 4016 columnis
805 3979 902 4038 supra
916 3961 1047 4019 humum
1060 3959 1242 4042 afferuntur.-

134 4045 166 4093 et
179 4035 316 4096 esnendst
328 4036 458 4106 innotis
471 4039 544 4106 487.
562 4041 751 4120 D:fortasse
769 4041 841 4106 oiosl
856 4045 947 4123 κίοσι,
960 4045 1009 4106 vel
1021 4045 1129 4120 clover.
1157 4047 1243 4107 Red-

133 4119 282 4194 dendum,
304 4125 361 4201 qui
375 4123 637 4208 columnisurspra
652 4137 764 4187 terram
778 4148 809 4186 ae
820 4131 1000 4192 extulerant.
1041 4131 1086 4190 Ac
1100 4131 1161 4191 iem
1173 4141 1242 4192 ante

131 4201 267 4265 Andreas
287 4206 428 4267 Schottos
446 4209 528 4289 apud
542 4210 682 4272 Photium
696 4215 769 4278 881.
785 4212 819 4273 Δ.
833 4212 908 4275 haec
922 4215 960 4275 de
972 4217 1002 4278 S.
1018 4215 1155 4277 Simeona
1168 4219 1274 4298 Sty-1>

130 4287 195 4366 lita,
217 4295 276 4353 aad
290 4290 323 4354 ἔν
335 4295 379 4377 τῷ
392 4297 472 4356 κίονι
487 4293 592 4359 στάσιν
607 4291 817 4380 ἆθλήσαντος,
839 4303 896 4380 qui
909 4299 1080 4384 [asceticae]
1095 4305 1254 4361 stationis.

129 4385 278 4436 certarnen
297 4378 331 4436 io
349 4377 495 4440 columna
510 4385 679 4463 auatiauit,
700 4402 803 4445 errore
815 4404 912 4466 paene
925 4385 1052 4447 ioculari
1071 4387 1117 4447 sic
1132 4387 1239 4449 reddi-
