3038 4796
249 392 312 462 DE
335 391 598 464 exuensne
619 393 851 465 NlC.PHOC.
872 393 934 465 ET
955 393 1011 465 10.
1032 397 1150 495 Tzut.
1193 389 1268 464 389

170 551 334 616 tnmnbum
355 552 473 634 plebem
487 551 685 631 Bsgdedicum
705 545 885 614 concitsbst.
927 553 1121 616 Perfernntnr
1141 557 1267 620 misero-

159 653 463 734 rumquerimoniae
483 653 521 714 od
540 653 768 734 Rocbteiarum,
788 653 921 734 Bsgdsdi
935 673 1107 736 supremum
1123 656 1265 738 Emirunn,

170 756 332 832 venatione
343 764 411 816 tum
429 755 572 836 temporis
586 766 783 840 occupeturn3
805 756 858 838 qui
876 765 1027 838 promtam
1042 758 1161 838 quidem
1177 778 1266 840 opem

169 859 305 921 letumm
313 901 324 938 ‚
345 867 375 918 et
389 856 488 918 hostes
503 857 613 918 finibus
626 870 800 922 exacturum
815 859 1023 942 promittebst3
1045 860 1170 940 ideoque
1186 859 1267 921 Chn-

113 1009 116 1024 .
173 961 244 1022 lifes
260 960 442 1021 necessarios
457 959 651 1023 instruendos
669 961 853 1044 expeditioni
872 970 987 1022 sumtus
1006 960 1147 1041 rogsbst,
1170 968 1200 1020 et
1213 961 1266 1022 in-

120 1145 125 1152 ·
170 1063 271 1126 vitum
286 1063 473 1141 multumque
487 1062 690 1124 obluctantem
704 1063 810 1145 opibus
825 1061 907 1124 lreud
925 1061 1149 1124 contemnendis
1162 1081 1265 1122 emnn-

126 1201 129 1206 ·
170 1165 267 1246 gebst.
308 1163 393 1228 Vens
409 1173 511 1224 temen
523 1165 581 1224 iste
592 1164 693 1226 omnis
707 1175 737 1226 et
751 1166 789 1226 sd
801 1165 930 1248 speciem
941 1164 1166 1244 ludibriumque
1181 1183 1265 1224 com·

169 1266 278 1348 posits.
321 1265 414 1340 Queri
426 1265 546 1346 quidem
559 1267 670 1328 Metius
681 1268 840 1349 pecuniam
853 1267 910 1328 sibi
922 1268 1038 1330 nullom
1051 1285 1131 1346 esse5
1151 1264 1264 1342 mironi,

170 1387 264 1450 quere
279 1387 386 1428 numos
402 1389 420 1427 s
437 1388 469 1429 se
489 1367 661 1450 requirent,
684 1368 734 1428 oui
750 1379 870 1450 prseter
883 1370 1014 1430 nominis
1030 1369 1156 1450 gloriam
1171 1377 1201 1428 et
1217 1366 1264 1429 di-

169 1470 292 1550 gnitstis
314 1469 348 1529 in
369 1469 499 1552 publicis
518 1469 658 1551 precibus
671 1471 814 1552 speciem,
835 1470 868 1532 in
883 1472 1073 1533 facultatibus
1086 1481 1117 1533 et
1133 1470 1265 1533 unctori-

168 1581 231 1634 tste
243 1571 397 1652 reliquum
419 1570 497 1632 nibil
520 1571 655 1635 fecerint.
697 1571 729 1632 Si
751 1580 852 1634 temen
871 1573 975 1656 inique
995 1594 1095 1636 secum
1109 1592 1193 1654 egere
1211 1572 1264 1634 de·

120 1743 123 1750 ⁴
169 1673 349 1751 oreviuent,
372 1673 462 1733 melle
478 1670 660 1736 Choliistom
681 1673 806 1736 eiurare.
847 1673 889 1736 At
906 1673 1008 1736 ridens
1028 1675 1189 1736 Bocbteisr
1209 1673 1264 1736 tri·

117 1788 121 1795 '
166 1775 270 1856 gidsm
292 1774 535 1854 excusetionem‚
556 1775 695 1854 graviore
716 1785 747 1836 et
760 1775 965 1836 necessitatem
979 1775 1186 1856 tergiversanti
1207 1773 1264 1834 sd-

168 1876 348 1940 tuovendnm
359 1877 537 1943 minabatur.
581 1876 772 1960 Quapropter
784 1887 904 1938 conotus
917 1875 1031 1938 Cheliie
1044 1877 1194 1938 vendebat
1208 1895 1263 1938 su-

167 1979 359 2062 pellectilem,
379 1978 510 2059 indeque
523 1975 661 2040 cosctnm
676 1999 725 2039 ses
738 1978 777 2039 ed
789 1979 984 2060 quodraginta
997 1979 1091 2040 millis
1105 1977 1262 2039 mechme-

168 2103 239 2145 rum
264 2081 401 2144 mittebat
426 2079 548 2142 Boidse.
596 2079 651 2142 Ille
675 2088 774 2142 sutem
788 2089 905 2142 tentum
928 2081 1048 2162 aberet,
1069 2089 1177 2156 uteo,
1199 2098 1261 2159 quo

167 2185 332 2266 flegitsrst,
360 2182 559 2264 impenderet,
574 2189 635 2262 ut,
662 2181 716 2262 qui
743 2183 964 2264 expeditionem
994 2190 1099 2244 contre
1131 2181 1261 2242 Grsecos

168 2288 221 2349 ru
236 2287 329 2348 fendo
341 2286 525 2375 nominqret,
544 2283 665 2350 sotim
679 2305 767 2346 nemo
783 2305 822 2346 ex
835 2305 870 2347 eo
886 2295 1020 2366 tempore
1034 2282 1142 2362 fuerit,
1161 2281 1214 2343 sed
1226 2281 1261 2341 in
1371 2329 1374 2336 .

168 2387 394 2450 necessitutibus
414 2385 589 2465 deliciisque
612 2386 675 2449 suis
695 2388 846 2472 perdebat.
888 2387 961 2448 Inde
976 2387 1117 2446 ioototum
1130 2382 1261 2464 Bngdedi

167 2493 229 2555 fuit
253 2493 379 2570 vulgare
405 2487 481 2548 illud
509 2507 655 2568 scomms,
689 2491 848 2552 multotum
875 2487 1019 2550 chelium
1041 2509 1058 2546 s
1083 2485 1259 2548 Bochteierc

168 2594 260 2657 tuisse
273 2597 429 2676 (tannsm
442 2589 616 2652 inferiorem
630 2612 648 2650 s
660 2593 796 2674 potiore,
817 2601 870 2654 sut
882 2600 997 2654 sontem
1013 2611 1029 2652 e
1044 2572 1205 2676 praetore).

617 2690 638 2754 l.
651 2692 672 2752 1.
710 2737 717 2753 .
794 2739 803 2757 .

157 2755 160 2764 Δ
252 2747 341 2859 tubo
356 2793 511 2856 GCCLXH
530 2787 598 2880 (qui
611 2793 660 2854 die
673 2713 712 2862 ὅ
730 2695 797 2856 gib
810 2795 845 2860 Δ.
859 2794 929 2856 Chr·
942 2800 1007 2864 972
1021 2790 1134 2879 coepit)
1151 2809 1260 2853 excur-

167 2896 254 2960 sebet
268 2895 453 2956 Domesticos
471 2896 506 2956 in
522 2904 655 2956 tractum
674 2895 919 2978 unisset-otinas,
947 2917 1036 2978 quem
1054 2892 1259 2978 deprsedsbs-

167 3010 229 3062 tur.
275 2989 357 3059 Huic
373 2997 533 3060 Muslemos
556 2998 757 3058 contemnenti
789 3007 819 3058 et
836 2999 957 3060 incauto
977 2996 1156 3060 immittebat
1176 2993 1261 3053 Abu·

166 3100 277 3182 Teglab
290 3099 454 3160 exercitum
469 3101 662 3178 cumfratre,
683 3099 855 3178 Hebstolls,
881 3100 933 3182 qni
953 3100 1066 3182 proelio
1081 3113 1257 3176 congressus

166 3203 246 3266 fodit
267 3203 414 3278 Graecos,
442 3202 604 3284 ipsumque
625 3202 706 3284 cepit
727 3202 943 3280 Domesticnm3
972 3221 1058 3282 quem
1076 3199 1110 3260 iu
1129 3191 1259 3258 vincislis

128 3371 134 3384 ,
166 3305 206 3365 sd
224 3305 347 3366 irenem
366 3303 458 3364 misit.
499 3305 543 3364 Es
559 3303 594 3364 in
608 3303 744 3366 custodie
756 3303 908 3366 incidebst
919 3303 1104 3364 Domesticos
1125 3299 1159 3359 in
1176 3315 1258 3358 mor·

163 3405 257 3484 bum,
284 3406 367 3468 unde
384 3403 491 3487 periit,
519 3402 652 3468 invelids
669 3405 836 3481 medicine.
866 3425 955 3487 qusm
975 3399 1179 3482 Abu-Tegleb
1197 3395 1258 3480 ipsi

166 3507 333 3570 adhibebat.

166 3755 224 3828 111.
251 3755 315 3828 EX
336 3749 634 3828 CEMALEDDINI
655 3756 903 3827 ANNALJBUS
924 3751 1258 3824 HALEBENSIBUS.

628 3905 794 3923 Μ

248 3977 315 4042 Hoc
332 3999 412 4044 enno
432 3979 467 4063 (i.
489 3999 514 4045 e.
535 4001 614 4044 enno
636 3983 722 4063 ingse
737 3979 813 4066 351)
833 3980 1010 4043 excurrebat
1028 3997 1132 4060 agmen
1146 3977 1258 4038 Rome·

163 4101 288 4159 norum,
308 4091 375 4142 turn
389 4081 543 4166 peditum,
563 4091 632 4146 turn
649 4085 801 4166 equitum,
824 4082 933 4160 exeis,
955 4079 1007 4162 qui
1018 4081 1129 4143 finibus
1140 4077 1260 4161 imperii

57 4220 63 4232 ι
162 4181 283 4243 tuendis
306 4183 406 4244 relicti
425 4191 529 4264 ersnt;
559 4203 685 4247 numero
709 4195 794 4247 ment
816 4183 965 4248 Vmillie.
1006 4181 1138 4245 Primum
1157 4199 1260 4260 agrum

163 4281 359 4347 Helebensem
386 4286 536 4367 pstebsnt.
586 4288 669 4364 Quos
698 4307 791 4370 quum
814 4305 966 4368 eggressus
992 4294 1067 4346 esset
1088 4279 1262 4364 Kergbojslt

164 4407 234 4451 curn
259 4387 396 4454 exercitu
413 4385 588 4473 adsumet,
616 4399 721 4476 ceptus
743 4399 807 4474 est3
836 4391 901 4475 ipse
923 4387 1044 4472 quidem
1070 4385 1172 4472 psullo
1195 4392 1264 4468 post
