2956 4800
161 403 168 420 .
259 379 332 464 nn
396 409 398 414 .
651 319 931 438 *occasu

261 527 376 606 ditum,
398 513 590 588 conservavit
611 524 701 586 nobis
719 543 799 596 unus
818 525 942 586 omnino
964 525 1066 586 Codex
1085 523 1287 618 bibliothecae
1300 526 1362 586 Ile-
1471 541 1473 554 ·

260 633 340 713 giac,
362 630 494 712 signatus
514 630 600 710 prius
619 629 675 690 No.
699 631 792 714 2561.
815 633 1012 696 nun01712.
1032 630 1104 690 olim
1125 629 1158 688 in
1177 628 1363 710 supellectih

259 734 406 798 litteraria
417 732 580 815 Raphaehs
593 729 726 792 Tricheti
741 731 782 790 du
795 729 921 792 Fresne:
944 732 996 810 qui
1009 733 1152 793 causidici
1165 731 1362 810 Burdigalen-

260 837 302 898 sis
314 837 405 915 filius,
432 856 501 896 cum
515 853 622 914 magno
639 833 801 921 duceretur
821 834 968 896 librorum
982 835 1233 915 acquirendorum
1251 833 1362 911 studio,

259 939 421 1020 Hispanias
444 938 621 1018 Italiamque
641 935 733 996 semel
761 943 792 994 et
814 936 931 1016 saepius
952 949 1095 1017 regnante
1114 937 1268 998 Lndovioo
1282 935 1380 1004 xm„

201 1045 206 1054 '
260 1043 341 1121 Rege
365 1040 616 1102 christianissimo
635 1039 680 1100 sic
703 1037 835 1114 obierat,
856 1047 905 1116 ut,
927 1037 1070 1120 inspectis
1081 1041 1191 1121 passim
1206 1038 1364 1099 hominum

260 1143 474 1206 historicorum
499 1141 645 1218 librariis,
676 1141 833 1221 propriam
855 1141 1069 1201 bibliothecam
1087 1143 1272 1224 locupletare
1291 1139 1363 1200 inde

263 1237 432 1308 conaretiar.
474 1245 503 1305 Is
518 1265 557 1306 ex
570 1243 656 1304 Italis
667 1241 752 1302 hunc
769 1241 908 1304 Codicem
921 1244 954 1303 in
968 1245 1095 1304 Galliam
1112 1244 1298 1336 deportavit,
1319 1251 1365 1302 te-

261 1359 360 1410 stante
374 1347 550 1408 Combefiaio
566 1346 680 1425 Origin.
695 1346 781 1426 Cpol.
797 1346 870 1413 266.
884 1347 920 1409 Β.
957 1347 1082 1424 Deinde,
1102 1369 1171 1408 cum
1186 1347 1249 1408 vita
1264 1364 1367 1405 excea-

259 1451 345 1513 aissct
366 1450 539 1525 Trichetus,
559 1450 583 1512 l.
603 1449 637 1510 B.
651 1448 823 1526 Colbertus,
846 1448 1002 1510 Ludcvico
1021 1450 1100 1511 XIV.
1121 1451 1228 1530 Magno
1253 1449 1290 1508 ab
1311 1449 1364 1508 in-

260 1554 342 1616 timis
363 1553 497 1614 consiliis
519 1561 548 1612 et
567 1549 712 1632 generalis
734 1549 841 1609 aerarii
864 1550 1064 1629 moderator,
1081 1553 1166 1613 cuius
1187 1550 1364 1612 immortalia

260 1655 340 1716 vivit
362 1656 504 1735 vivetque
528 1656 566 1715 ob
590 1651 735 1715 beneficia
751 1653 783 1712 in
796 1643 924 1712 Galliam
937 1655 1047 1714 collata
1060 1653 1219 1732 memoria,
1241 1654 1314 1715 emit
1327 1652 1365 1713 da

260 1757 353 1818 vidua
366 1757 400 1817 in
411 1749 685 1836 bibliothecamque
692 1755 811 1836 Regiam
822 1755 926 1816 intulit
939 1777 1027 1816 omne
1039 1756 1367 1840 Tricbetilitterarium

260 1857 502 1921 instrumentum.
537 1859 574 1922 In
588 1881 648 1940 quo
662 1867 749 1921 eraut
766 1859 838 1919 libri
852 1859 989 1939 impressi
1001 1879 1128 1920 numero
1142 1859 1275 1942 plurimi,
1297 1879 1366 1919 mss.

262 1959 363 2019 Latini
385 1970 415 2020 et
428 1957 526 2020 Italici
539 1961 608 2042 plus
621 1963 722 2022 miuus
741 1962 772 2020 C.
789 1961 896 2022 Graeci
910 1963 983 2022 Xh.·
1015 1960 1121 2042 Itaque
1131 1962 1165 2021 in
1180 1959 1369 2024 Bibliotheca

164 2061 388 2144 1².xlpublica
417 2063 544 2124 collatus
566 2063 670 2125 Codex
690 2074 811 2142 noster,
840 2064 1013 2144 Ducangio,
1033 2065 1201 2143 Bandinio,
1229 2065 1368 2145 reliquis,

264 2183 340 2246 quos
355 2164 439 2224 Initio
452 2165 613 2240 nominavi,
634 2167 778 2231 innotuit.
814 2166 938 2228 Constat
950 2187 1022 2229 vero
1037 2167 1120 2228 foliis
1134 2168 1370 2230 membranacei·

232 2271 235 2280 “
263 2266 345 2345 422,
368 2267 533 2328 chartaceis
554 2279 641 2349 octo,
672 2271 829 2332 continens
852 2279 972 2352 praeter
995 2269 1052 2329 alia
1071 2269 1197 2331 minoris
1223 2271 1370 2332 momenti

262 2367 336 2454 (vid.
346 2371 438 2432 Catal.
448 2371 544 2435 Codd.
558 2391 628 2434 mss.
641 2373 764 2434 Graece.
773 2371 849 2434 Bibl.
860 2371 972 2452 liegii.
987 2376 1060 2448 391.
1073 2369 1121 2454 D.)
1135 2372 1201 2434 illa:
1216 2370 1259 2454 1.)
1274 2373 1369 2434 Chro-

261 2473 355 2534 nicon
380 2473 525 2535 Simeonis
546 2475 727 2558 Logcthetae
750 2475 881 2535 maxima
905 2483 993 2558 parte
1013 2473 1174 2551 ineditum,
1203 2496 1221 2534 a
1247 2475 1300 2536 fol.
1326 2479 1368 2544 18

262 2594 347 2635 verso
371 2575 410 2636 ad
430 2575 485 2638 sol.
507 2583 571 2644 272
592 2589 727 2655 rectum,
756 2575 799 2658 Ω.)
823 2576 930 2639 beonia
948 2575 1074 2648 Diaconi
1087 2575 1269 2655 Historiam,
1292 2597 1369 2675 qpae

262 2695 345 2736 nunc
357 2675 477 2756 prodit,
499 2679 581 2742 afol·
596 2685 660 2750 272
672 2691 751 2742 recto
767 2681 806 2741 ad
823 2683 888 2748 322
901 2687 1016 2739 rectum
1019 2699 1031 2754 ,·
1053 2675 1096 2760 8.)
1110 2679 1267 2740 Michaelis
1279 2679 1370 2742 Pselli

264 2775 540 2860 chronographiam
562 2783 655 2844 tomis
678 2803 803 2862 novem,
824 2782 896 2842 item
919 2781 1078 2860 ineditam,
1100 2783 1188 2846 aiol.
1202 2788 1266 2853 322
1287 2795 1368 2843 recto

264 2879 303 2939 td
318 2880 515 2949 422rectum.
556 2884 719 2946 Exaratum
740 2905 807 2946 esse
823 2885 850 2946 si
865 2883 963 2945 minus
976 2903 1020 2946 xr.
1034 2894 1064 2945 at
1088 2893 1169 2946 carte
1184 2873 1241 2947 xri.
1260 2905 1369 2947 saecu-

264 2983 295 3043 lo
310 2984 407 3044 forma
430 2983 599 3046 litterarum
624 2987 826 3066 demonstrat,
847 2985 928 3048 baud
950 2986 1094 3048 absimilia
1105 2987 1153 3046 illi
1173 3007 1262 3068 quam
1278 2989 1369 3049 blon-

264 3084 443 3146 tefalconius
454 3069 592 3166 ‘protulit
610 3087 761 3170 Palaecgr.
778 3090 882 3151 Graec.
899 3094 971 3158 291.
994 3089 1050 3152 No.
1066 3089 1131 3150 VII.
1155 3075 1298 3169 utigitur
1310 3109 1369 3151 ne-

265 3189 358 3250 sciam
373 3187 446 3270 quid
461 3189 632 3251 inmentem
644 3191 762 3254 venerit
776 3193 997 3253 confectoribus
1010 3190 1144 3272 catalogi
1155 3191 1233 3256 Bibl.
1249 3193 1320 3272 Reg.
1328 3193 1370 3255 II.
1391 3227 1395 3236 ·

264 3295 337 3360 391.
353 3293 384 3351 G.
404 3291 512 3370 dicere,
536 3312 604 3353 eum
620 3295 738 3356 saeculo
752 3295 867 3356 decimo
885 3295 991 3376 quinto
1004 3291 1103 3353 videri
1122 3293 1286 3374 scriptum:
1308 3295 1369 3356 nisi
1445 3343 1457 3364 ,

265 3393 299 3454 id
321 3393 358 3453 de
377 3393 415 3454 iis
437 3395 587 3458 duntaxat
606 3397 773 3478 intelligas,
796 3397 920 3478 quaein
942 3405 1011 3456 octo
1034 3393 1116 3456 toliis
1140 3395 1304 3456 chamaceis
1329 3397 1370 3457 ad

266 3496 378 3556 calcem
394 3506 521 3558 exstent
564 3498 634 3580 Ipse
651 3500 770 3581 Coden,
791 3500 911 3560 tametsi
923 3519 985 3559 non
1005 3497 1078 3558 adeo
1096 3497 1198 3558 multis
1216 3499 1370 3579 profunde
1462 3559 1467 3568 ,

264 3596 427 3658 latentibus
447 3599 563 3660 mendis
578 3611 686 3680 scatet,
707 3600 799 3664 babet
812 3611 914 3663 tamen
929 3601 1083 3662 itacismos
1097 3609 1159 3678 tot,
1183 3609 1258 3680 quot
1277 3601 1310 3660 in
1326 3601 1370 3660 li·

264 3699 327 3762 bris
343 3721 419 3762 saec.
430 3721 487 3764 ιιι.
503 3703 649 3782 peraratis
663 3725 725 3766 ease
741 3706 851 3784 solent,
871 3715 908 3766 ut
921 3703 1091 3766 videliceta
1107 3712 1137 3764 et
1150 3727 1196 3780 cn,
1218 3727 1239 3784 η
1255 3726 1266 3766 s
1280 3713 1310 3763 et
1326 3725 1369 3782 ac,

267 3824 285 3866 o
301 3811 331 3862 et
345 3825 386 3881 os,
407 3826 438 3866 os
452 3811 482 3862 et
493 3827 530 3880 v,
551 3805 668 3886 saepius
684 3809 765 3869 inter
778 3829 810 3870 ae
828 3805 1068 3880 confundantur,
1090 3827 1188 3886 neque
1204 3806 1247 3865 ita
1268 3827 1372 3868 rarum

266 3904 325 3980 sit,
348 3903 392 3979 εἰς
413 3899 471 3985 τήν
491 3907 545 3966 sol.
564 3909 627 3978 316
650 3921 729 3970 recto
756 3909 822 3992 (ed.
842 3909 894 3978 95·
913 3907 964 3991 C.)
994 3909 1141 3989 scriptum
1161 3909 1297 3990 conspici
1315 3907 1371 3986 sic,

265 3997 356 4086 η’ςῆν.
400 4005 556 4070 Eiuamodi
579 4009 688 4070 menda
711 4013 816 4074 notavi
835 4013 1005 4074 interdum:
1029 4013 1226 4094 plerumque,
1248 4011 1371 4092 quando

266 4104 344 4167 nihil
358 4099 523 4190 babebint,
545 4111 626 4193 qnod
641 4111 733 4174 fidem
749 4125 887 4196 receptae
901 4114 1041 4176 lectionis
1058 4113 1237 4178 labefactare
1257 4116 1371 4195 posset,

211 4233 217 4242 ·
268 4209 366 4271 omisi.
407 4211 445 4272 In
463 4233 579 4275 summa
597 4217 711 4294 fateor,
731 4237 795 4278 non
818 4217 963 4278 maiorem
980 4215 1175 4278 melsborem
1195 4214 1372 4297 suscepisse,

269 4332 359 4394 quam
371 4333 421 4376 ecs
436 4317 585 4381 sustinere
597 4337 718 4381 necesse
731 4327 793 4401 ast,
815 4317 869 4402 qui
884 4317 992 4382 Codice
1013 4323 1052 4381 eh
1074 4319 1166 4382 unico
1182 4317 1317 4402 pandent
1338 4317 1373 4378 in
