<?xml version="1.0" encoding="UTF-8"?>
<!DOCTYPE html PUBLIC "-//W3C//DTD XHTML 1.0 Transitional//EN"
    "http://www.w3.org/TR/xhtml1/DTD/xhtml1-transitional.dtd">
<html xmlns="http://www.w3.org/1999/xhtml" xml:lang="en" lang="en">
 <head>
  <title>
</title>
<meta http-equiv="Content-Type" content="text/html;charset=utf-8" />
  <meta name='ocr-system' content='tesseract 3.04.00' />
  <meta name='ocr-capabilities' content='ocr_page ocr_carea ocr_par ocr_line ocrx_word'/>
</head>
<body>
  <div class='ocr_page' id='page_1' title='image "./leonisdiaconica00liudgoog/leonisdiaconica00liudgoog_0030.png"; bbox 0 0 2956 4800; ppageno 0'>
   <div class='ocr_carea' id='block_1_1' title="bbox 247 357 893 430">
    <p class='ocr_par' dir='ltr' id='par_1_1' title="bbox 247 357 893 430">
     <span class='ocr_line' id='line_1_1' title="bbox 247 357 893 430; baseline 0.002 -3"><span class='ocrx_word' id='word_1_1' title='bbox 247 367 329 416; x_wconf 68' lang='lat' dir='ltr'>mv</span> <span class='ocrx_word' id='word_1_2' title='bbox 657 357 696 430; x_wconf 86' lang='lat' dir='ltr'>C.</span> <span class='ocrx_word' id='word_1_3' title='bbox 715 360 754 426; x_wconf 89' lang='lat' dir='ltr'>B.</span> <span class='ocrx_word' id='word_1_4' title='bbox 775 357 893 428; x_wconf 79' lang='lat' dir='ltr'>nasu</span> 
     </span>
    </p>
   </div>
   <div class='ocr_carea' id='block_1_2' title="bbox 247 515 1352 802">
    <p class='ocr_par' dir='ltr' id='par_1_2' title="bbox 247 515 1352 802">
     <span class='ocr_line' id='line_1_2' title="bbox 247 515 1352 600; baseline 0.003 -24"><span class='ocrx_word' id='word_1_5' title='bbox 247 517 319 599; x_wconf 89' lang='lat' dir='ltr'>plus</span> <span class='ocrx_word' id='word_1_6' title='bbox 332 535 422 596; x_wconf 88' lang='lat' dir='ltr'>quam</span> <span class='ocrx_word' id='word_1_7' title='bbox 433 517 528 578; x_wconf 87' lang='lat' dir='ltr'>multa</span> <span class='ocrx_word' id='word_1_8' title='bbox 550 517 609 578; x_wconf 82' lang='lat' dir='ltr'>alia</span> <span class='ocrx_word' id='word_1_9' title='bbox 633 515 766 594; x_wconf 89' lang='lat' dir='ltr'>eiusdem</span> <span class='ocrx_word' id='word_1_10' title='bbox 782 517 905 596; x_wconf 86' lang='lat' dir='ltr'>aetatis,</span> <span class='ocrx_word' id='word_1_11' title='bbox 926 539 1004 599; x_wconf 87' lang='lat' dir='ltr'>quse</span> <span class='ocrx_word' id='word_1_12' title='bbox 1023 517 1152 580; x_wconf 89' lang='lat' dir='ltr'>editioni</span> <span class='ocrx_word' id='word_1_13' title='bbox 1171 527 1276 600; x_wconf 76' lang='lat' dir='ltr'>parata</span> <span class='ocrx_word' id='word_1_14' title='bbox 1293 517 1352 579; x_wconf 87' lang='lat' dir='ltr'>lra-</span> 
     </span>
     <span class='ocr_line' id='line_1_3' title="bbox 247 617 1351 701; baseline 0.001 -23"><span class='ocrx_word' id='word_1_15' title='bbox 247 617 348 696; x_wconf 86' lang='lat' dir='ltr'>bsam,</span> <span class='ocrx_word' id='word_1_16' title='bbox 372 619 472 678; x_wconf 87' lang='lat' dir='ltr'>lucem</span> <span class='ocrx_word' id='word_1_17' title='bbox 487 637 676 679; x_wconf 81' lang='lat' dir='ltr'>commorere.</span> <span class='ocrx_word' id='word_1_18' title='bbox 719 619 792 682; x_wconf 84' lang='lat' dir='ltr'>Gavi</span> <span class='ocrx_word' id='word_1_19' title='bbox 808 629 905 698; x_wconf 89' lang='lat' dir='ltr'>certe,</span> <span class='ocrx_word' id='word_1_20' title='bbox 926 631 965 682; x_wconf 91' lang='lat' dir='ltr'>ut</span> <span class='ocrx_word' id='word_1_21' title='bbox 976 641 1016 682; x_wconf 91' lang='lat' dir='ltr'>na</span> <span class='ocrx_word' id='word_1_22' title='bbox 1031 621 1106 701; x_wconf 90' lang='lat' dir='ltr'>quid</span> <span class='ocrx_word' id='word_1_23' title='bbox 1118 620 1248 682; x_wconf 89' lang='lat' dir='ltr'>nimium</span> <span class='ocrx_word' id='word_1_24' title='bbox 1262 641 1281 679; x_wconf 89' lang='lat' dir='ltr'>a</span> <span class='ocrx_word' id='word_1_25' title='bbox 1296 639 1351 679; x_wconf 91' lang='lat' dir='ltr'>no·-</span> 
     </span>
     <span class='ocr_line' id='line_1_4' title="bbox 248 719 1350 802; baseline -0.001 -21"><span class='ocrx_word' id='word_1_26' title='bbox 248 719 339 781; x_wconf 86' lang='lat' dir='ltr'>bisin</span> <span class='ocrx_word' id='word_1_27' title='bbox 355 719 512 802; x_wconf 86' lang='lat' dir='ltr'>hacparte</span> <span class='ocrx_word' id='word_1_28' title='bbox 533 719 685 780; x_wconf 89' lang='lat' dir='ltr'>adiectum</span> <span class='ocrx_word' id='word_1_29' title='bbox 703 740 766 780; x_wconf 86' lang='lat' dir='ltr'>esse</span> <span class='ocrx_word' id='word_1_30' title='bbox 786 719 946 782; x_wconf 87' lang='lat' dir='ltr'>diceretur.</span> <span class='ocrx_word' id='word_1_31' title='bbox 990 723 1127 798; x_wconf 83' lang='lat' dir='ltr'>Quatuor</span> <span class='ocrx_word' id='word_1_32' title='bbox 1143 729 1228 782; x_wconf 88' lang='lat' dir='ltr'>erant</span> <span class='ocrx_word' id='word_1_33' title='bbox 1246 720 1350 798; x_wconf 69' lang='lat' dir='ltr'>codd„</span> 
     </span>
    </p>
   </div>
   <div class='ocr_carea' id='block_1_3' title="bbox 246 821 1459 2446">
    <p class='ocr_par' dir='ltr' id='par_1_3' title="bbox 246 821 1459 1417">
     <span class='ocr_line' id='line_1_5' title="bbox 247 821 1426 906; baseline -0.002 -24"><span class='ocrx_word' id='word_1_34' title='bbox 247 823 281 882; x_wconf 91' lang='lat' dir='ltr'>in</span> <span class='ocrx_word' id='word_1_35' title='bbox 302 823 411 903; x_wconf 87' lang='lat' dir='ltr'>quibus</span> <span class='ocrx_word' id='word_1_36' title='bbox 432 823 571 883; x_wconf 86' lang='lat' dir='ltr'>libellum</span> <span class='ocrx_word' id='word_1_37' title='bbox 594 821 677 882; x_wconf 88' lang='lat' dir='ltr'>bunc</span> <span class='ocrx_word' id='word_1_38' title='bbox 699 822 896 885; x_wconf 82' lang='lat' dir='ltr'>offendersma</span> <span class='ocrx_word' id='word_1_39' title='bbox 923 823 1263 906; x_wconf 74' lang='lat' dir='ltr'>t.)1tsgics2437tot</span> <span class='ocrx_word' id='word_1_40' title='bbox 1288 826 1351 890; x_wconf 84' lang='grc'><strong>371</strong></span> <span class='ocrx_word' id='word_1_41' title='bbox 1423 894 1426 899; x_wconf 25' lang='lat'>¹</span> 
     </span>
     <span class='ocr_line' id='line_1_6' title="bbox 246 907 1351 1006; baseline -0.001 -21"><span class='ocrx_word' id='word_1_42' title='bbox 246 945 332 986; x_wconf 79' lang='lat' dir='ltr'>verso</span> <span class='ocrx_word' id='word_1_43' title='bbox 348 955 391 972; x_wconf 92' lang='lat'>-</span> <span class='ocrx_word' id='word_1_44' title='bbox 405 924 468 996; x_wconf 78' lang='grc'>409</span> <span class='ocrx_word' id='word_1_45' title='bbox 483 935 563 983; x_wconf 82' lang='lat' dir='ltr'>recto</span> <span class='ocrx_word' id='word_1_46' title='bbox 570 946 582 1000; x_wconf 89' lang='lat'>,·</span> <span class='ocrx_word' id='word_1_47' title='bbox 603 907 774 1006; x_wconf 55' lang='grc' dir='ltr'><strong>111111311ιὲ</strong></span> <span class='ocrx_word' id='word_1_48' title='bbox 787 927 871 994; x_wconf 78' lang='grc'><strong>2445</strong></span> <span class='ocrx_word' id='word_1_49' title='bbox 887 927 1016 995; x_wconf 79' lang='lat' dir='ltr'>sol-820</span> <span class='ocrx_word' id='word_1_50' title='bbox 1029 938 1108 988; x_wconf 85' lang='lat' dir='ltr'>recto</span> <span class='ocrx_word' id='word_1_51' title='bbox 1122 959 1162 973; x_wconf 89' lang='lat'><em>-</em></span> <span class='ocrx_word' id='word_1_52' title='bbox 1176 927 1239 992; x_wconf 80' lang='grc'>335</span> <span class='ocrx_word' id='word_1_53' title='bbox 1250 947 1351 1005; x_wconf 62' lang='lat' dir='ltr'>verm</span> 
     </span>
     <span class='ocr_line' id='line_1_7' title="bbox 246 1024 1353 1112; baseline -0.002 -23"><span class='ocrx_word' id='word_1_54' title='bbox 246 1024 312 1112; x_wconf 91' lang='lat' dir='ltr'>lll.)</span> <span class='ocrx_word' id='word_1_55' title='bbox 329 1029 430 1089; x_wconf 77' lang='lat' dir='ltr'>Codex</span> <span class='ocrx_word' id='word_1_56' title='bbox 444 1029 500 1089; x_wconf 87' lang='lat' dir='ltr'>No.</span> <span class='ocrx_word' id='word_1_57' title='bbox 509 1034 550 1096; x_wconf 81' lang='grc'>26</span> <span class='ocrx_word' id='word_1_58' title='bbox 565 1026 769 1109; x_wconf 81' lang='lat' dir='ltr'>supplementi</span> <span class='ocrx_word' id='word_1_59' title='bbox 784 1029 892 1106; x_wconf 85' lang='lat' dir='ltr'>nostri,</span> <span class='ocrx_word' id='word_1_60' title='bbox 904 1047 992 1109; x_wconf 87' lang='lat' dir='ltr'>quem</span> <span class='ocrx_word' id='word_1_61' title='bbox 1005 1029 1039 1089; x_wconf 88' lang='lat' dir='ltr'>in</span> <span class='ocrx_word' id='word_1_62' title='bbox 1052 1049 1105 1090; x_wconf 80' lang='lat' dir='ltr'>ora</span> <span class='ocrx_word' id='word_1_63' title='bbox 1116 1029 1207 1090; x_wconf 90' lang='lat' dir='ltr'>modo</span> <span class='ocrx_word' id='word_1_64' title='bbox 1219 1027 1353 1088; x_wconf 83' lang='lat' dir='ltr'>indicavi</span> 
     </span>
     <span class='ocr_line' id='line_1_8' title="bbox 246 1128 1351 1212; baseline 0.002 -20"><span class='ocrx_word' id='word_1_65' title='bbox 246 1131 403 1209; x_wconf 77' lang='lat' dir='ltr'>litterali,</span> <span class='ocrx_word' id='word_1_66' title='bbox 425 1130 515 1191; x_wconf 89' lang='lat' dir='ltr'>modo</span> <span class='ocrx_word' id='word_1_67' title='bbox 536 1130 611 1208; x_wconf 80' lang='lat' dir='ltr'>siglo</span> <span class='ocrx_word' id='word_1_68' title='bbox 625 1128 697 1206; x_wconf 88' lang='lat' dir='ltr'>boo,</span> <span class='ocrx_word' id='word_1_69' title='bbox 722 1129 796 1190; x_wconf 80' lang='lat' dir='ltr'>eod.</span> <span class='ocrx_word' id='word_1_70' title='bbox 810 1135 911 1212; x_wconf 86' lang='lat' dir='ltr'>suppl.</span> <span class='ocrx_word' id='word_1_71' title='bbox 931 1131 974 1192; x_wconf 88' lang='lat' dir='ltr'>ibi</span> <span class='ocrx_word' id='word_1_72' title='bbox 987 1132 1099 1211; x_wconf 79' lang='lat' dir='ltr'>legitur</span> <span class='ocrx_word' id='word_1_73' title='bbox 1113 1131 1141 1191; x_wconf 90' lang='lat' dir='ltr'>is</span> <span class='ocrx_word' id='word_1_74' title='bbox 1159 1131 1277 1191; x_wconf 89' lang='lat' dir='ltr'>libellus</span> <span class='ocrx_word' id='word_1_75' title='bbox 1297 1129 1351 1194; x_wconf 84' lang='lat' dir='ltr'>fot.</span> 
     </span>
     <span class='ocr_line' id='line_1_9' title="bbox 250 1219 1459 1311; baseline -0.007 -9"><span class='ocrx_word' id='word_1_76' title='bbox 250 1235 652 1310; x_wconf 63' lang='lat' dir='ltr'>171recao-172verso5</span> <span class='ocrx_word' id='word_1_77' title='bbox 674 1231 736 1306; x_wconf 86' lang='lat' dir='ltr'>1v.)</span> <span class='ocrx_word' id='word_1_78' title='bbox 757 1233 908 1294; x_wconf 86' lang='lat' dir='ltr'>Palatinus</span> <span class='ocrx_word' id='word_1_79' title='bbox 922 1234 978 1294; x_wconf 85' lang='lat' dir='ltr'>No.</span> <span class='ocrx_word' id='word_1_80' title='bbox 992 1237 1066 1311; x_wconf 77' lang='lat'><em>893,</em></span> <span class='ocrx_word' id='word_1_81' title='bbox 1088 1255 1114 1298; x_wconf 87' lang='lat' dir='ltr'>a.</span> <span class='ocrx_word' id='word_1_82' title='bbox 1132 1239 1214 1302; x_wconf 83' lang='grc'><strong>1797</strong></span> <span class='ocrx_word' id='word_1_83' title='bbox 1227 1255 1266 1294; x_wconf 81' lang='lat' dir='ltr'>ex</span> <span class='ocrx_word' id='word_1_84' title='bbox 1277 1233 1355 1295; x_wconf 83' lang='lat' dir='ltr'>urbe</span> <span class='ocrx_word' id='word_1_85' title='bbox 1456 1219 1459 1224; x_wconf 46' lang='grc'>’</span> 
     </span>
     <span class='ocr_line' id='line_1_10' title="bbox 248 1333 1353 1417; baseline -0.003 -18"><span class='ocrx_word' id='word_1_86' title='bbox 248 1337 393 1398; x_wconf 86' lang='lat' dir='ltr'>advectus</span> <span class='ocrx_word' id='word_1_87' title='bbox 412 1335 445 1394; x_wconf 90' lang='lat' dir='ltr'>in</span> <span class='ocrx_word' id='word_1_88' title='bbox 461 1333 694 1412; x_wconf 76' lang='lat' dir='ltr'>bibliothecam,</span> <span class='ocrx_word' id='word_1_89' title='bbox 717 1354 743 1394; x_wconf 90' lang='lat' dir='ltr'>a.</span> <span class='ocrx_word' id='word_1_90' title='bbox 764 1336 845 1416; x_wconf 84' lang='grc'><strong>1816</strong></span> <span class='ocrx_word' id='word_1_91' title='bbox 862 1337 988 1414; x_wconf 81' lang='lat' dir='ltr'>Romam</span> <span class='ocrx_word' id='word_1_92' title='bbox 1008 1337 1226 1417; x_wconf 86' lang='lat' dir='ltr'>reportatus.E</span> <span class='ocrx_word' id='word_1_93' title='bbox 1245 1335 1353 1416; x_wconf 87' lang='lat' dir='ltr'>quibus</span> 
     </span>
    </p>

    <p class='ocr_par' dir='ltr' id='par_1_4' title="bbox 247 1436 1354 1930">
     <span class='ocr_line' id='line_1_11' title="bbox 249 1436 1354 1517; baseline 0.001 -18"><span class='ocrx_word' id='word_1_94' title='bbox 249 1439 282 1498; x_wconf 89' lang='lat' dir='ltr'>in</span> <span class='ocrx_word' id='word_1_95' title='bbox 311 1437 426 1499; x_wconf 83' lang='lat' dir='ltr'>edendo</span> <span class='ocrx_word' id='word_1_96' title='bbox 447 1446 567 1497; x_wconf 88' lang='lat' dir='ltr'>secutus</span> <span class='ocrx_word' id='word_1_97' title='bbox 589 1457 655 1497; x_wconf 91' lang='lat' dir='ltr'>snm</span> <span class='ocrx_word' id='word_1_98' title='bbox 683 1436 874 1517; x_wconf 87' lang='lat' dir='ltr'>potissimum</span> <span class='ocrx_word' id='word_1_99' title='bbox 897 1438 970 1503; x_wconf 89' lang='lat' dir='ltr'>Cod.</span> <span class='ocrx_word' id='word_1_100' title='bbox 990 1439 1061 1517; x_wconf 80' lang='lat' dir='ltr'>Reg.</span> <span class='ocrx_word' id='word_1_101' title='bbox 1084 1440 1184 1506; x_wconf 79' lang='lat'><strong>2487:</strong></span> <span class='ocrx_word' id='word_1_102' title='bbox 1212 1437 1295 1500; x_wconf 89' lang='lat' dir='ltr'>cuius</span> <span class='ocrx_word' id='word_1_103' title='bbox 1316 1447 1354 1500; x_wconf 87' lang='lat' dir='ltr'>ut</span> 
     </span>
     <span class='ocr_line' id='line_1_12' title="bbox 248 1539 1352 1623; baseline 0.004 -24"><span class='ocrx_word' id='word_1_104' title='bbox 248 1540 322 1602; x_wconf 82' lang='lat' dir='ltr'>folia</span> <span class='ocrx_word' id='word_1_105' title='bbox 336 1541 371 1604; x_wconf 75' lang='lat' dir='ltr'>in</span> <span class='ocrx_word' id='word_1_106' title='bbox 381 1539 513 1618; x_wconf 80' lang='lat' dir='ltr'>margine</span> <span class='ocrx_word' id='word_1_107' title='bbox 529 1539 669 1601; x_wconf 75' lang='lat' dir='ltr'>editionis</span> <span class='ocrx_word' id='word_1_108' title='bbox 685 1540 844 1618; x_wconf 79' lang='lat' dir='ltr'>annotavi,</span> <span class='ocrx_word' id='word_1_109' title='bbox 865 1539 909 1600; x_wconf 90' lang='lat' dir='ltr'>ita</span> <span class='ocrx_word' id='word_1_110' title='bbox 921 1541 1065 1602; x_wconf 85' lang='lat' dir='ltr'>lectiones</span> <span class='ocrx_word' id='word_1_111' title='bbox 1079 1541 1207 1620; x_wconf 81' lang='lat' dir='ltr'>intelligi</span> <span class='ocrx_word' id='word_1_112' title='bbox 1222 1547 1352 1623; x_wconf 80' lang='lat' dir='ltr'>oportet,</span> 
     </span>
     <span class='ocr_line' id='line_1_13' title="bbox 248 1639 1353 1724; baseline 0.001 -21"><span class='ocrx_word' id='word_1_113' title='bbox 248 1641 367 1724; x_wconf 91' lang='lat' dir='ltr'>quoties</span> <span class='ocrx_word' id='word_1_114' title='bbox 381 1639 454 1702; x_wconf 87' lang='lat' dir='ltr'>Ccd.</span> <span class='ocrx_word' id='word_1_115' title='bbox 468 1642 516 1720; x_wconf 81' lang='lat' dir='ltr'>A,</span> <span class='ocrx_word' id='word_1_116' title='bbox 537 1643 601 1704; x_wconf 87' lang='lat' dir='ltr'>sive</span> <span class='ocrx_word' id='word_1_117' title='bbox 618 1642 708 1702; x_wconf 88' lang='lat' dir='ltr'>stiam</span> <span class='ocrx_word' id='word_1_118' title='bbox 725 1641 815 1721; x_wconf 71' lang='lat' dir='ltr'>Coa,</span> <span class='ocrx_word' id='word_1_119' title='bbox 836 1643 982 1722; x_wconf 71' lang='lat' dir='ltr'>singulari</span> <span class='ocrx_word' id='word_1_120' title='bbox 993 1663 1129 1722; x_wconf 84' lang='lat' dir='ltr'>numero,</span> <span class='ocrx_word' id='word_1_121' title='bbox 1149 1643 1183 1703; x_wconf 89' lang='lat' dir='ltr'>in</span> <span class='ocrx_word' id='word_1_122' title='bbox 1196 1663 1248 1703; x_wconf 81' lang='lat' dir='ltr'>ora</span> <span class='ocrx_word' id='word_1_123' title='bbox 1260 1643 1353 1704; x_wconf 85' lang='lat' dir='ltr'>ascri.</span> 
     </span>
     <span class='ocr_line' id='line_1_14' title="bbox 247 1742 1353 1828; baseline -0.001 -23"><span class='ocrx_word' id='word_1_124' title='bbox 247 1755 335 1828; x_wconf 89' lang='lat' dir='ltr'>ptum</span> <span class='ocrx_word' id='word_1_125' title='bbox 346 1744 467 1824; x_wconf 84' lang='lat' dir='ltr'>legitur.</span> <span class='ocrx_word' id='word_1_126' title='bbox 509 1745 569 1805; x_wconf 87' lang='lat' dir='ltr'>Ubi</span> <span class='ocrx_word' id='word_1_127' title='bbox 586 1743 681 1806; x_wconf 78' lang='lat' dir='ltr'>codd.</span> <span class='ocrx_word' id='word_1_128' title='bbox 696 1745 873 1827; x_wconf 89' lang='lat' dir='ltr'>pluraliter,</span> <span class='ocrx_word' id='word_1_129' title='bbox 889 1747 1028 1826; x_wconf 78' lang='lat' dir='ltr'>reliquos</span> <span class='ocrx_word' id='word_1_130' title='bbox 1046 1755 1108 1808; x_wconf 87' lang='lat' dir='ltr'>tres</span> <span class='ocrx_word' id='word_1_131' title='bbox 1131 1744 1165 1803; x_wconf 93' lang='lat' dir='ltr'>in</span> <span class='ocrx_word' id='word_1_132' title='bbox 1186 1742 1353 1805; x_wconf 73' lang='lat' dir='ltr'>subsidium</span> 
     </span>
     <span class='ocr_line' id='line_1_15' title="bbox 249 1841 1352 1930; baseline -0.003 -22"><span class='ocrx_word' id='word_1_133' title='bbox 249 1845 376 1924; x_wconf 78' lang='lat' dir='ltr'>vocavi,</span> <span class='ocrx_word' id='word_1_134' title='bbox 399 1847 490 1925; x_wconf 85' lang='lat' dir='ltr'>idque</span> <span class='ocrx_word' id='word_1_135' title='bbox 505 1841 592 1928; x_wconf 81' lang='lat' dir='ltr'>sa&#39;epe</span> <span class='ocrx_word' id='word_1_136' title='bbox 606 1848 734 1908; x_wconf 84' lang='lat' dir='ltr'>frustra:</span> <span class='ocrx_word' id='word_1_137' title='bbox 756 1847 869 1930; x_wconf 89' lang='lat' dir='ltr'>quippe</span> <span class='ocrx_word' id='word_1_138' title='bbox 888 1856 975 1909; x_wconf 76' lang='lat' dir='ltr'>mant</span> <span class='ocrx_word' id='word_1_139' title='bbox 991 1855 1053 1907; x_wconf 86' lang='lat' dir='ltr'>tam</span> <span class='ocrx_word' id='word_1_140' title='bbox 1067 1846 1223 1928; x_wconf 83' lang='lat' dir='ltr'>depravati</span> <span class='ocrx_word' id='word_1_141' title='bbox 1239 1865 1352 1924; x_wconf 88' lang='lat' dir='ltr'>omnes,</span> 
     </span>
    </p>

    <p class='ocr_par' dir='ltr' id='par_1_5' title="bbox 246 1947 1364 2446">
     <span class='ocr_line' id='line_1_16' title="bbox 247 1947 1352 2031; baseline -0.003 -21"><span class='ocrx_word' id='word_1_142' title='bbox 247 1960 284 2010; x_wconf 92' lang='lat' dir='ltr'>ut</span> <span class='ocrx_word' id='word_1_143' title='bbox 304 1949 467 2010; x_wconf 85' lang='lat' dir='ltr'>sententiae</span> <span class='ocrx_word' id='word_1_144' title='bbox 489 1950 676 2031; x_wconf 81' lang='lat' dir='ltr'>complures,</span> <span class='ocrx_word' id='word_1_145' title='bbox 703 1951 760 2010; x_wconf 90' lang='lat' dir='ltr'>nisi</span> <span class='ocrx_word' id='word_1_146' title='bbox 782 1950 880 2030; x_wconf 81' lang='lat' dir='ltr'>alique</span> <span class='ocrx_word' id='word_1_147' title='bbox 909 1970 1015 2030; x_wconf 83' lang='lat' dir='ltr'>magna</span> <span class='ocrx_word' id='word_1_148' title='bbox 1040 1949 1189 2011; x_wconf 83' lang='lat' dir='ltr'>medicina</span> <span class='ocrx_word' id='word_1_149' title='bbox 1209 1947 1352 2025; x_wconf 81' lang='lat' dir='ltr'>adbibita,</span> 
     </span>
     <span class='ocr_line' id='line_1_17' title="bbox 247 2042 1364 2132; baseline -0.007 -14"><span class='ocrx_word' id='word_1_150' title='bbox 247 2067 387 2118; x_wconf 82' lang='lat' dir='ltr'>constare</span> <span class='ocrx_word' id='word_1_151' title='bbox 411 2053 536 2118; x_wconf 85' lang='lat' dir='ltr'>omnino</span> <span class='ocrx_word' id='word_1_152' title='bbox 564 2072 628 2113; x_wconf 89' lang='lat' dir='ltr'>non</span> <span class='ocrx_word' id='word_1_153' title='bbox 651 2042 782 2132; x_wconf 80' lang='lat' dir='ltr'>possent.</span> <span class='ocrx_word' id='word_1_154' title='bbox 828 2051 986 2113; x_wconf 89' lang='lat' dir='ltr'>Eiusmodi</span> <span class='ocrx_word' id='word_1_155' title='bbox 1011 2051 1094 2111; x_wconf 91' lang='lat' dir='ltr'>locos</span> <span class='ocrx_word' id='word_1_156' title='bbox 1118 2069 1158 2110; x_wconf 81' lang='lat' dir='ltr'>ex</span> <span class='ocrx_word' id='word_1_157' title='bbox 1181 2049 1364 2111; x_wconf 67' lang='lat' dir='ltr'>coniectura</span> 
     </span>
     <span class='ocr_line' id='line_1_18' title="bbox 249 2152 1352 2236; baseline -0.008 -15"><span class='ocrx_word' id='word_1_158' title='bbox 249 2159 407 2221; x_wconf 83' lang='lat' dir='ltr'>emendare</span> <span class='ocrx_word' id='word_1_159' title='bbox 422 2165 549 2216; x_wconf 86' lang='lat' dir='ltr'>conatus</span> <span class='ocrx_word' id='word_1_160' title='bbox 563 2174 646 2215; x_wconf 88' lang='lat' dir='ltr'>sum:</span> <span class='ocrx_word' id='word_1_161' title='bbox 668 2153 712 2214; x_wconf 84' lang='lat' dir='ltr'>its</span> <span class='ocrx_word' id='word_1_162' title='bbox 726 2163 823 2214; x_wconf 87' lang='lat' dir='ltr'>tamen</span> <span class='ocrx_word' id='word_1_163' title='bbox 837 2165 888 2232; x_wconf 89' lang='lat' dir='ltr'>ut,</span> <span class='ocrx_word' id='word_1_164' title='bbox 911 2155 1149 2236; x_wconf 79' lang='lat' dir='ltr'>quotiescunque</span> <span class='ocrx_word' id='word_1_165' title='bbox 1161 2152 1227 2212; x_wconf 88' lang='lat' dir='ltr'>fieri</span> <span class='ocrx_word' id='word_1_166' title='bbox 1239 2163 1352 2234; x_wconf 83' lang='lat' dir='ltr'>posset,</span> 
     </span>
     <span class='ocr_line' id='line_1_19' title="bbox 248 2255 1352 2343; baseline -0.008 -20"><span class='ocrx_word' id='word_1_167' title='bbox 248 2259 439 2343; x_wconf 77' lang='lat' dir='ltr'>transpositis</span> <span class='ocrx_word' id='word_1_168' title='bbox 454 2259 554 2340; x_wconf 84' lang='lat' dir='ltr'>potius</span> <span class='ocrx_word' id='word_1_169' title='bbox 571 2256 672 2318; x_wconf 88' lang='lat' dir='ltr'>verbis</span> <span class='ocrx_word' id='word_1_170' title='bbox 690 2277 781 2337; x_wconf 83' lang='lat' dir='ltr'>quam</span> <span class='ocrx_word' id='word_1_171' title='bbox 799 2258 938 2336; x_wconf 87' lang='lat' dir='ltr'>mutatis,</span> <span class='ocrx_word' id='word_1_172' title='bbox 959 2277 1026 2318; x_wconf 91' lang='lat' dir='ltr'>meo</span> <span class='ocrx_word' id='word_1_173' title='bbox 1047 2275 1131 2316; x_wconf 88' lang='lat' dir='ltr'>more</span> <span class='ocrx_word' id='word_1_174' title='bbox 1151 2255 1279 2315; x_wconf 88' lang='lat' dir='ltr'>nimium</span> <span class='ocrx_word' id='word_1_175' title='bbox 1299 2275 1352 2315; x_wconf 87' lang='lat' dir='ltr'>re-</span> 
     </span>
     <span class='ocr_line' id='line_1_20' title="bbox 246 2355 1351 2446; baseline -0.01 -19"><span class='ocrx_word' id='word_1_176' title='bbox 246 2365 373 2446; x_wconf 83' lang='lat' dir='ltr'>ligiosus</span> <span class='ocrx_word' id='word_1_177' title='bbox 393 2363 427 2423; x_wconf 91' lang='lat' dir='ltr'>in</span> <span class='ocrx_word' id='word_1_178' title='bbox 452 2357 673 2442; x_wconf 77' lang='lat' dir='ltr'>exemplaribus</span> <span class='ocrx_word' id='word_1_179' title='bbox 696 2359 871 2444; x_wconf 83' lang='lat' dir='ltr'>sequendis,</span> <span class='ocrx_word' id='word_1_180' title='bbox 892 2380 981 2444; x_wconf 85' lang='lat' dir='ltr'>quam</span> <span class='ocrx_word' id='word_1_181' title='bbox 1002 2357 1176 2424; x_wconf 74' lang='lat' dir='ltr'>temerarias</span> <span class='ocrx_word' id='word_1_182' title='bbox 1197 2355 1231 2418; x_wconf 89' lang='lat' dir='ltr'>in</span> <span class='ocrx_word' id='word_1_183' title='bbox 1250 2355 1351 2420; x_wconf 85' lang='lat' dir='ltr'>corri-</span> 
     </span>
    </p>
   </div>
   <div class='ocr_carea' id='block_1_4' title="bbox 247 2463 594 2556">
    <p class='ocr_par' dir='ltr' id='par_1_6' title="bbox 247 2463 594 2556">
     <span class='ocr_line' id='line_1_21' title="bbox 247 2463 594 2556; baseline -0.006 -26"><span class='ocrx_word' id='word_1_184' title='bbox 247 2467 368 2556; x_wconf 77' lang='lat' dir='ltr'>gendis,</span> <span class='ocrx_word' id='word_1_185' title='bbox 387 2485 450 2529; x_wconf 85' lang='lat' dir='ltr'>osso</span> <span class='ocrx_word' id='word_1_186' title='bbox 463 2463 594 2530; x_wconf 75' lang='lat' dir='ltr'>mallem·</span> 
     </span>
    </p>
   </div>
   <div class='ocr_carea' id='block_1_5' title="bbox 129 2633 1356 4257">
    <p class='ocr_par' dir='ltr' id='par_1_7' title="bbox 247 2633 1353 3034">
     <span class='ocr_line' id='line_1_22' title="bbox 301 2633 1351 2726; baseline -0.008 -23"><span class='ocrx_word' id='word_1_187' title='bbox 301 2713 305 2726; x_wconf 41' lang='grc' dir='ltr'>Ι</span> <span class='ocrx_word' id='word_1_188' title='bbox 334 2641 390 2706; x_wconf 85' lang='lat' dir='ltr'>xl.</span> <span class='ocrx_word' id='word_1_189' title='bbox 417 2637 515 2701; x_wconf 83' lang='lat' dir='ltr'>Huim</span> <span class='ocrx_word' id='word_1_190' title='bbox 530 2647 630 2699; x_wconf 83' lang='lat' dir='ltr'>autem</span> <span class='ocrx_word' id='word_1_191' title='bbox 645 2636 793 2715; x_wconf 87' lang='lat' dir='ltr'>auctoris,</span> <span class='ocrx_word' id='word_1_192' title='bbox 815 2635 948 2717; x_wconf 81' lang='lat' dir='ltr'>qtdsquis</span> <span class='ocrx_word' id='word_1_193' title='bbox 961 2633 1036 2715; x_wconf 81' lang='lat' dir='ltr'>liait,</span> <span class='ocrx_word' id='word_1_194' title='bbox 1057 2633 1179 2696; x_wconf 89' lang='lat' dir='ltr'>dicendi</span> <span class='ocrx_word' id='word_1_195' title='bbox 1191 2653 1285 2714; x_wconf 82' lang='lat' dir='ltr'>genus</span> <span class='ocrx_word' id='word_1_196' title='bbox 1297 2653 1351 2695; x_wconf 89' lang='lat' dir='ltr'>ca·</span> 
     </span>
     <span class='ocr_line' id='line_1_23' title="bbox 248 2737 1352 2820; baseline -0.007 -12"><span class='ocrx_word' id='word_1_197' title='bbox 248 2756 296 2808; x_wconf 82' lang='lat' dir='ltr'>ret</span> <span class='ocrx_word' id='word_1_198' title='bbox 311 2743 449 2805; x_wconf 90' lang='lat' dir='ltr'>omnibus</span> <span class='ocrx_word' id='word_1_199' title='bbox 466 2739 664 2817; x_wconf 85' lang='lat' dir='ltr'>ornamentis,</span> <span class='ocrx_word' id='word_1_200' title='bbox 685 2737 900 2820; x_wconf 78' lang='lat' dir='ltr'>humiliusque</span> <span class='ocrx_word' id='word_1_201' title='bbox 915 2747 960 2800; x_wconf 89' lang='lat' dir='ltr'>est</span> <span class='ocrx_word' id='word_1_202' title='bbox 980 2758 1017 2798; x_wconf 87' lang='lat' dir='ltr'>ac</span> <span class='ocrx_word' id='word_1_203' title='bbox 1029 2738 1237 2819; x_wconf 73' lang='lat' dir='ltr'>praefractius.</span> <span class='ocrx_word' id='word_1_204' title='bbox 1279 2739 1352 2800; x_wconf 84' lang='lat' dir='ltr'>Ser·</span> 
     </span>
     <span class='ocr_line' id='line_1_24' title="bbox 248 2827 1353 2926; baseline -0.008 -17"><span class='ocrx_word' id='word_1_205' title='bbox 248 2868 368 2909; x_wconf 87' lang='lat' dir='ltr'>monem</span> <span class='ocrx_word' id='word_1_206' title='bbox 381 2847 535 2926; x_wconf 82' lang='lat' dir='ltr'>vulgarem</span> <span class='ocrx_word' id='word_1_207' title='bbox 546 2827 638 2924; x_wconf 77' lang='lat' dir='ltr'>&#39;quem</span> <span class='ocrx_word' id='word_1_208' title='bbox 650 2845 834 2923; x_wconf 80' lang='lat' dir='ltr'>drequantat,</span> <span class='ocrx_word' id='word_1_209' title='bbox 856 2861 934 2904; x_wconf 86' lang='lat' dir='ltr'>saec.</span> <span class='ocrx_word' id='word_1_210' title='bbox 948 2862 980 2904; x_wconf 83' lang='lat' dir='ltr'>x.</span> <span class='ocrx_word' id='word_1_211' title='bbox 993 2841 1054 2901; x_wconf 83' lang='lat' dir='ltr'>iam</span> <span class='ocrx_word' id='word_1_212' title='bbox 1067 2841 1231 2922; x_wconf 87' lang='lat' dir='ltr'>plurimum</span> <span class='ocrx_word' id='word_1_213' title='bbox 1243 2863 1260 2900; x_wconf 86' lang='lat' dir='ltr'>a</span> <span class='ocrx_word' id='word_1_214' title='bbox 1274 2861 1353 2922; x_wconf 80' lang='lat' dir='ltr'>syn-</span> 
     </span>
     <span class='ocr_line' id='line_1_25' title="bbox 247 2929 1351 3034; baseline -0.009 -24"><span class='ocrx_word' id='word_1_215' title='bbox 247 2949 314 3010; x_wconf 85' lang='lat' dir='ltr'>taxi</span> <span class='ocrx_word' id='word_1_216' title='bbox 327 2947 505 3027; x_wconf 81' lang='lat' dir='ltr'>elegantiore</span> <span class='ocrx_word' id='word_1_217' title='bbox 516 2946 644 3034; x_wconf 73' lang='lat' dir='ltr'>abluisse</span> <span class='ocrx_word' id='word_1_218' title='bbox 657 2945 865 3007; x_wconf 87' lang='lat' dir='ltr'>demonstrant</span> <span class='ocrx_word' id='word_1_219' title='bbox 881 2943 1059 3006; x_wconf 85' lang='lat' dir='ltr'>nominativi</span> <span class='ocrx_word' id='word_1_220' title='bbox 1072 2929 1208 3004; x_wconf 86' lang='lat' dir='ltr'>¹absoluti</span> <span class='ocrx_word' id='word_1_221' title='bbox 1222 2943 1292 3010; x_wconf 78' lang='grc'><strong>125.</strong></span> <span class='ocrx_word' id='word_1_222' title='bbox 1315 2943 1351 3006; x_wconf 86' lang='lat' dir='ltr'>u.</span> 
     </span>
    </p>

    <p class='ocr_par' dir='ltr' id='par_1_8' title="bbox 157 3043 1354 3339">
     <span class='ocr_line' id='line_1_26' title="bbox 178 3043 1352 3132; baseline -0.01 -16"><span class='ocrx_word' id='word_1_223' title='bbox 178 3127 181 3132; x_wconf 42' lang='lat'>‚</span> <span class='ocrx_word' id='word_1_224' title='bbox 249 3055 382 3130; x_wconf 70' lang='lat' dir='ltr'>maitiae</span> <span class='ocrx_word' id='word_1_225' title='bbox 401 3045 458 3132; x_wconf 69' lang='lat' dir='ltr'>reip</span> <span class='ocrx_word' id='word_1_226' title='bbox 472 3049 596 3120; x_wconf 79' lang='lat' dir='ltr'>-13u</span> <span class='ocrx_word' id='word_1_227' title='bbox 619 3049 655 3116; x_wconf 72' lang='lat' dir='ltr'>A·</span> <span class='ocrx_word' id='word_1_228' title='bbox 676 3045 811 3131; x_wconf 76' lang='grc' dir='ltr'><strong><em>ὅρῶν-</em></strong></span> <span class='ocrx_word' id='word_1_229' title='bbox 828 3055 936 3108; x_wconf 85' lang='lat' dir='ltr'>contra</span> <span class='ocrx_word' id='word_1_230' title='bbox 958 3066 1048 3127; x_wconf 88' lang='lat' dir='ltr'>quam</span> <span class='ocrx_word' id='word_1_231' title='bbox 1067 3045 1227 3128; x_wconf 85' lang='lat' dir='ltr'>oportebat</span> <span class='ocrx_word' id='word_1_232' title='bbox 1246 3043 1352 3126; x_wconf 83' lang='lat' dir='ltr'>positi:</span> 
     </span>
     <span class='ocr_line' id='line_1_27' title="bbox 157 3143 1352 3238; baseline -0.006 -25"><span class='ocrx_word' id='word_1_233' title='bbox 157 3233 158 3238; x_wconf 8' lang='grc' dir='ltr'>η</span> <span class='ocrx_word' id='word_1_234' title='bbox 207 3199 217 3215; x_wconf 82' lang='grc'><em>,</em></span> <span class='ocrx_word' id='word_1_235' title='bbox 250 3151 377 3233; x_wconf 74' lang='lat' dir='ltr'>genitivi</span> <span class='ocrx_word' id='word_1_236' title='bbox 392 3153 525 3213; x_wconf 88' lang='lat' dir='ltr'>absoluti</span> <span class='ocrx_word' id='word_1_237' title='bbox 538 3155 611 3214; x_wconf 89' lang='lat' dir='ltr'>item</span> <span class='ocrx_word' id='word_1_238' title='bbox 627 3151 742 3224; x_wconf 62' lang='grc'><strong>1221.</strong></span> <span class='ocrx_word' id='word_1_239' title='bbox 765 3143 1042 3231; x_wconf 74' lang='grc' dir='ltr'><strong><em>μανθανόντων-</em></strong></span> <span class='ocrx_word' id='word_1_240' title='bbox 1054 3143 1214 3230; x_wconf 78' lang='grc' dir='ltr'><strong>ὁρμήσωσι.</strong></span> <span class='ocrx_word' id='word_1_241' title='bbox 1236 3149 1307 3214; x_wconf 84' lang='grc'><strong>150.</strong></span> <span class='ocrx_word' id='word_1_242' title='bbox 1315 3146 1352 3208; x_wconf 88' lang='grc' dir='ltr'><strong>Β.</strong></span> 
     </span>
     <span class='ocr_line' id='line_1_28' title="bbox 249 3249 1354 3339; baseline -0.01 -20"><span class='ocrx_word' id='word_1_243' title='bbox 249 3251 434 3339; x_wconf 66' lang='grc' dir='ltr'>ἐγγιζόντωνῑ</span> <span class='ocrx_word' id='word_1_244' title='bbox 458 3255 528 3323; x_wconf 82' lang='grc'><strong>169.</strong></span> <span class='ocrx_word' id='word_1_245' title='bbox 543 3257 575 3317; x_wconf 84' lang='lat' dir='ltr'>G.</span> <span class='ocrx_word' id='word_1_246' title='bbox 599 3250 827 3336; x_wconf 75' lang='grc' dir='ltr'><strong><em>διατιθεμένου·</em></strong></span> <span class='ocrx_word' id='word_1_247' title='bbox 848 3249 1057 3312; x_wconf 79' lang='lat' dir='ltr'>subiunctious</span> <span class='ocrx_word' id='word_1_248' title='bbox 1070 3250 1174 3310; x_wconf 76' lang='lat' dir='ltr'>coristi</span> <span class='ocrx_word' id='word_1_249' title='bbox 1188 3255 1244 3331; x_wconf 90' lang='lat' dir='ltr'>pr&#39;o</span> <span class='ocrx_word' id='word_1_250' title='bbox 1263 3250 1354 3309; x_wconf 86' lang='lat' dir='ltr'>lutu-</span> 
     </span>
    </p>

    <p class='ocr_par' dir='ltr' id='par_1_9' title="bbox 249 3343 1354 3438">
     <span class='ocr_line' id='line_1_29' title="bbox 249 3343 1354 3438; baseline -0.007 -19"><span class='ocrx_word' id='word_1_251' title='bbox 249 3377 285 3419; x_wconf 83' lang='lat' dir='ltr'>ro</span> <span class='ocrx_word' id='word_1_252' title='bbox 302 3365 473 3438; x_wconf 82' lang='lat' dir='ltr'>usurpatus,</span> <span class='ocrx_word' id='word_1_253' title='bbox 486 3365 521 3418; x_wconf 93' lang='lat' dir='ltr'>ut</span> <span class='ocrx_word' id='word_1_254' title='bbox 539 3357 609 3426; x_wconf 83' lang='lat'><strong>140.</strong></span> <span class='ocrx_word' id='word_1_255' title='bbox 625 3357 659 3422; x_wconf 75' lang='grc' dir='ltr'>Δ,</span> <span class='ocrx_word' id='word_1_256' title='bbox 677 3349 851 3437; x_wconf 69' lang='grc' dir='ltr'><strong><em>ἐκφύγωσιν</em></strong></span> <span class='ocrx_word' id='word_1_257' title='bbox 863 3343 1009 3434; x_wconf 76' lang='lat' dir='ltr'>effugient</span> <span class='ocrx_word' id='word_1_258' title='bbox 1020 3351 1116 3435; x_wconf 87' lang='lat' dir='ltr'>(quod</span> <span class='ocrx_word' id='word_1_259' title='bbox 1129 3351 1207 3412; x_wconf 85' lang='lat' dir='ltr'>idem</span> <span class='ocrx_word' id='word_1_260' title='bbox 1223 3351 1256 3411; x_wconf 90' lang='lat' dir='ltr'>in</span> <span class='ocrx_word' id='word_1_261' title='bbox 1268 3351 1354 3412; x_wconf 89' lang='lat' dir='ltr'>mul·</span> 
     </span>
    </p>

    <p class='ocr_par' dir='ltr' id='par_1_10' title="bbox 249 3452 1353 3540">
     <span class='ocr_line' id='line_1_30' title="bbox 249 3452 1353 3540; baseline -0.002 -21"><span class='ocrx_word' id='word_1_262' title='bbox 249 3459 291 3519; x_wconf 89' lang='lat' dir='ltr'>tis</span> <span class='ocrx_word' id='word_1_263' title='bbox 302 3459 518 3540; x_wconf 77' lang='lat' dir='ltr'>praecipitatas</span> <span class='ocrx_word' id='word_1_264' title='bbox 534 3459 675 3521; x_wconf 87' lang='lat' dir='ltr'>Graeciae</span> <span class='ocrx_word' id='word_1_265' title='bbox 691 3452 890 3538; x_wconf 78' lang='lat' dir='ltr'>scriptoribus</span> <span class='ocrx_word' id='word_1_266' title='bbox 904 3473 963 3514; x_wconf 89' lang='lat' dir='ltr'>usu</span> <span class='ocrx_word' id='word_1_267' title='bbox 975 3455 1076 3515; x_wconf 84' lang='lat' dir='ltr'>venit:</span> <span class='ocrx_word' id='word_1_268' title='bbox 1097 3454 1161 3516; x_wconf 86' lang='lat' dir='ltr'>vid.</span> <span class='ocrx_word' id='word_1_269' title='bbox 1178 3454 1273 3516; x_wconf 86' lang='lat' dir='ltr'>ludio.</span> <span class='ocrx_word' id='word_1_270' title='bbox 1286 3477 1310 3516; x_wconf 89' lang='lat' dir='ltr'>s.</span> <span class='ocrx_word' id='word_1_271' title='bbox 1321 3473 1353 3518; x_wconf 76' lang='lat' dir='ltr'>v.</span> 
     </span>
    </p>

    <p class='ocr_par' dir='ltr' id='par_1_11' title="bbox 129 3554 1354 3739">
     <span class='ocr_line' id='line_1_31' title="bbox 129 3554 1353 3642; baseline 0.001 -19"><span class='ocrx_word' id='word_1_272' title='bbox 129 3569 162 3628; x_wconf 75' lang='grc' dir='ltr'><strong>Ρ.</strong></span> <span class='ocrx_word' id='word_1_273' title='bbox 178 3575 234 3630; x_wconf 81' lang='lat' dir='ltr'>xm</span> <span class='ocrx_word' id='word_1_274' title='bbox 251 3554 508 3642; x_wconf 79' lang='lat' dir='ltr'>Coniunctivus)a</span> <span class='ocrx_word' id='word_1_275' title='bbox 530 3560 563 3625; x_wconf 73' lang='lat' dir='ltr'>le</span> <span class='ocrx_word' id='word_1_276' title='bbox 583 3571 729 3642; x_wconf 83' lang='lat' dir='ltr'>perpetuo</span> <span class='ocrx_word' id='word_1_277' title='bbox 750 3557 918 3622; x_wconf 85' lang='lat' dir='ltr'>adhibitum</span> <span class='ocrx_word' id='word_1_278' title='bbox 935 3578 993 3638; x_wconf 89' lang='lat' dir='ltr'>pro</span> <span class='ocrx_word' id='word_1_279' title='bbox 1010 3558 1053 3631; x_wconf 79' lang='grc' dir='ltr'>εἰς</span> <span class='ocrx_word' id='word_1_280' title='bbox 1076 3561 1147 3625; x_wconf 91' lang='grc'><strong>126.</strong></span> <span class='ocrx_word' id='word_1_281' title='bbox 1168 3557 1204 3622; x_wconf 77' lang='grc' dir='ltr'><strong>Δ.</strong></span> <span class='ocrx_word' id='word_1_282' title='bbox 1227 3564 1297 3627; x_wconf 88' lang='grc'><strong>127.</strong></span> <span class='ocrx_word' id='word_1_283' title='bbox 1317 3559 1353 3620; x_wconf 84' lang='grc' dir='ltr'><strong>Β.</strong></span> 
     </span>
     <span class='ocr_line' id='line_1_32' title="bbox 250 3657 1354 3739; baseline -0.009 -7"><span class='ocrx_word' id='word_1_284' title='bbox 250 3666 322 3732; x_wconf 84' lang='grc'><strong>133.</strong></span> <span class='ocrx_word' id='word_1_285' title='bbox 338 3665 370 3725; x_wconf 87' lang='lat' dir='ltr'>G.</span> <span class='ocrx_word' id='word_1_286' title='bbox 395 3665 516 3732; x_wconf 70' lang='lat'><strong>1521).</strong></span> <span class='ocrx_word' id='word_1_287' title='bbox 538 3657 596 3726; x_wconf 79' lang='lat' dir='ltr'>oalv</span> <span class='ocrx_word' id='word_1_288' title='bbox 611 3671 820 3724; x_wconf 85' lang='lat' dir='ltr'>constructum</span> <span class='ocrx_word' id='word_1_289' title='bbox 833 3679 900 3721; x_wconf 89' lang='lat' dir='ltr'>cum</span> <span class='ocrx_word' id='word_1_290' title='bbox 914 3659 1047 3739; x_wconf 81' lang='lat' dir='ltr'>genitivo</span> <span class='ocrx_word' id='word_1_291' title='bbox 1066 3661 1138 3726; x_wconf 85' lang='grc'><strong>168.</strong></span> <span class='ocrx_word' id='word_1_292' title='bbox 1156 3659 1190 3720; x_wconf 88' lang='grc' dir='ltr'><strong>Β.</strong></span> <span class='ocrx_word' id='word_1_293' title='bbox 1213 3657 1354 3722; x_wconf 85' lang='lat' dir='ltr'>casuum·</span> 
     </span>
    </p>

    <p class='ocr_par' dir='ltr' id='par_1_12' title="bbox 250 3761 1355 3847">
     <span class='ocr_line' id='line_1_33' title="bbox 250 3761 1355 3847; baseline -0.003 -21"><span class='ocrx_word' id='word_1_294' title='bbox 250 3786 309 3847; x_wconf 86' lang='lat' dir='ltr'>que</span> <span class='ocrx_word' id='word_1_295' title='bbox 321 3767 443 3828; x_wconf 89' lang='lat' dir='ltr'>omnino</span> <span class='ocrx_word' id='word_1_296' title='bbox 456 3765 560 3827; x_wconf 84' lang='lat' dir='ltr'>crebra</span> <span class='ocrx_word' id='word_1_297' title='bbox 575 3765 723 3829; x_wconf 86' lang='lat' dir='ltr'>conlusio.</span> <span class='ocrx_word' id='word_1_298' title='bbox 764 3765 867 3844; x_wconf 82' lang='lat' dir='ltr'>Neque</span> <span class='ocrx_word' id='word_1_299' title='bbox 885 3761 911 3822; x_wconf 87' lang='lat' dir='ltr'>is</span> <span class='ocrx_word' id='word_1_300' title='bbox 927 3771 1007 3822; x_wconf 84' lang='lat' dir='ltr'>certe</span> <span class='ocrx_word' id='word_1_301' title='bbox 1019 3781 1203 3843; x_wconf 84' lang='lat' dir='ltr'>quenquam,</span> <span class='ocrx_word' id='word_1_302' title='bbox 1224 3772 1259 3822; x_wconf 92' lang='lat' dir='ltr'>ut</span> <span class='ocrx_word' id='word_1_303' title='bbox 1275 3764 1355 3824; x_wconf 82' lang='lat' dir='ltr'>Leo-</span> 
     </span>
    </p>

    <p class='ocr_par' dir='ltr' id='par_1_13' title="bbox 248 3863 1354 3948">
     <span class='ocr_line' id='line_1_34' title="bbox 248 3863 1354 3948; baseline -0.003 -19"><span class='ocrx_word' id='word_1_304' title='bbox 248 3889 317 3929; x_wconf 85' lang='lat' dir='ltr'>nem</span> <span class='ocrx_word' id='word_1_305' title='bbox 333 3869 438 3930; x_wconf 83' lang='lat' dir='ltr'>fecisse</span> <span class='ocrx_word' id='word_1_306' title='bbox 450 3866 735 3946; x_wconf 81' lang='lat' dir='ltr'>demonstravimus,</span> <span class='ocrx_word' id='word_1_307' title='bbox 757 3864 901 3948; x_wconf 82' lang='lat' dir='ltr'>exprimit</span> <span class='ocrx_word' id='word_1_308' title='bbox 918 3863 1062 3926; x_wconf 79' lang='lat' dir='ltr'>dicendo:</span> <span class='ocrx_word' id='word_1_309' title='bbox 1086 3864 1272 3946; x_wconf 88' lang='lat' dir='ltr'>simplicibus</span> <span class='ocrx_word' id='word_1_310' title='bbox 1288 3865 1354 3926; x_wconf 90' lang='lat' dir='ltr'>uti-</span> 
     </span>
    </p>

    <p class='ocr_par' dir='ltr' id='par_1_14' title="bbox 248 3965 1354 4152">
     <span class='ocr_line' id='line_1_35' title="bbox 248 3965 1354 4049; baseline -0.002 -19"><span class='ocrx_word' id='word_1_311' title='bbox 248 3979 303 4030; x_wconf 88' lang='lat' dir='ltr'>tnr</span> <span class='ocrx_word' id='word_1_312' title='bbox 322 3969 493 4049; x_wconf 86' lang='lat' dir='ltr'>nativisqne</span> <span class='ocrx_word' id='word_1_313' title='bbox 512 3969 622 4033; x_wconf 79' lang='lat' dir='ltr'>verbis.</span> <span class='ocrx_word' id='word_1_314' title='bbox 665 3969 767 4044; x_wconf 85' lang='lat' dir='ltr'>Quare</span> <span class='ocrx_word' id='word_1_315' title='bbox 784 3969 908 4030; x_wconf 82' lang='lat' dir='ltr'>inissem</span> <span class='ocrx_word' id='word_1_316' title='bbox 929 3965 1059 4046; x_wconf 77' lang='lat' dir='ltr'>munius,</span> <span class='ocrx_word' id='word_1_317' title='bbox 1081 3966 1108 4027; x_wconf 91' lang='lat' dir='ltr'>si</span> <span class='ocrx_word' id='word_1_318' title='bbox 1130 3966 1164 4028; x_wconf 91' lang='lat' dir='ltr'>in</span> <span class='ocrx_word' id='word_1_319' title='bbox 1183 3968 1354 4030; x_wconf 86' lang='lat' dir='ltr'>scrutandis</span> 
     </span>
     <span class='ocr_line' id='line_1_36' title="bbox 250 4068 1354 4152; baseline -0.002 -18"><span class='ocrx_word' id='word_1_320' title='bbox 250 4073 384 4136; x_wconf 83' lang='lat' dir='ltr'>lontibus</span> <span class='ocrx_word' id='word_1_321' title='bbox 405 4070 584 4132; x_wconf 90' lang='lat' dir='ltr'>imitationis</span> <span class='ocrx_word' id='word_1_322' title='bbox 607 4081 727 4132; x_wconf 88' lang='lat' dir='ltr'>tantum</span> <span class='ocrx_word' id='word_1_323' title='bbox 746 4071 870 4152; x_wconf 72' lang='lat' dir='ltr'>egium</span> <span class='ocrx_word' id='word_1_324' title='bbox 889 4068 977 4146; x_wconf 85' lang='lat' dir='ltr'>satis,</span> <span class='ocrx_word' id='word_1_325' title='bbox 999 4077 1145 4148; x_wconf 85' lang='lat' dir='ltr'>quantum</span> <span class='ocrx_word' id='word_1_326' title='bbox 1165 4069 1204 4130; x_wconf 84' lang='lat' dir='ltr'>ad</span> <span class='ocrx_word' id='word_1_327' title='bbox 1223 4071 1354 4132; x_wconf 67' lang='lat' dir='ltr'>honam</span> 
     </span>
    </p>

    <p class='ocr_par' dir='ltr' id='par_1_15' title="bbox 250 4171 1356 4257">
     <span class='ocr_line' id='line_1_37' title="bbox 250 4171 1356 4257; baseline -0.002 -21"><span class='ocrx_word' id='word_1_328' title='bbox 250 4174 308 4255; x_wconf 76' lang='lat' dir='ltr'>egi.</span> <span class='ocrx_word' id='word_1_329' title='bbox 349 4175 459 4254; x_wconf 78' lang='lat' dir='ltr'>Notas,</span> <span class='ocrx_word' id='word_1_330' title='bbox 477 4182 600 4257; x_wconf 87' lang='lat' dir='ltr'>praeter</span> <span class='ocrx_word' id='word_1_331' title='bbox 613 4173 727 4256; x_wconf 91' lang='lat' dir='ltr'>oppido</span> <span class='ocrx_word' id='word_1_332' title='bbox 744 4193 872 4256; x_wconf 78' lang='lat' dir='ltr'>paucas,</span> <span class='ocrx_word' id='word_1_333' title='bbox 890 4171 1025 4242; x_wconf 65' lang='lat' dir='ltr'>resecuit</span> <span class='ocrx_word' id='word_1_334' title='bbox 1045 4181 1200 4254; x_wconf 80' lang='lat' dir='ltr'>postrema</span> <span class='ocrx_word' id='word_1_335' title='bbox 1217 4171 1356 4234; x_wconf 89' lang='lat' dir='ltr'>undetri-</span> 
     </span>
    </p>
   </div>
   <div class='ocr_carea' id='block_1_6' title="bbox 249 4271 1354 4361">
    <p class='ocr_par' dir='ltr' id='par_1_16' title="bbox 249 4271 1354 4361">
     <span class='ocr_line' id='line_1_38' title="bbox 249 4271 1354 4361; baseline -0.003 -23"><span class='ocrx_word' id='word_1_336' title='bbox 249 4277 333 4359; x_wconf 74' lang='lat' dir='ltr'>gints</span> <span class='ocrx_word' id='word_1_337' title='bbox 349 4276 466 4361; x_wconf 77' lang='lat' dir='ltr'>capita,</span> <span class='ocrx_word' id='word_1_338' title='bbox 487 4297 563 4360; x_wconf 84' lang='lat' dir='ltr'>quae</span> <span class='ocrx_word' id='word_1_339' title='bbox 575 4275 704 4340; x_wconf 84' lang='lat' dir='ltr'>habebat</span> <span class='ocrx_word' id='word_1_340' title='bbox 719 4295 798 4340; x_wconf 87' lang='lat' dir='ltr'>unus</span> <span class='ocrx_word' id='word_1_341' title='bbox 814 4271 918 4340; x_wconf 80' lang='lat' dir='ltr'>Codex</span> <span class='ocrx_word' id='word_1_342' title='bbox 937 4275 1110 4356; x_wconf 80' lang='lat' dir='ltr'>Palatinus,</span> <span class='ocrx_word' id='word_1_343' title='bbox 1132 4273 1216 4356; x_wconf 86' lang='lat' dir='ltr'>quod</span> <span class='ocrx_word' id='word_1_344' title='bbox 1236 4271 1274 4336; x_wconf 87' lang='lat' dir='ltr'>sb</span> <span class='ocrx_word' id='word_1_345' title='bbox 1293 4273 1354 4336; x_wconf 82' lang='lat' dir='ltr'>alio</span> 
     </span>
    </p>
   </div>
   <div class='ocr_carea' id='block_1_7' title="bbox 0 2437 2 4566">
    <p class='ocr_par' dir='ltr' id='par_1_17' title="bbox 0 2437 2 4566">
     <span class='ocr_line' id='line_1_39' title="bbox 0 2437 2 4566; baseline 0 0"><span class='ocrx_word' id='word_1_346' title='bbox 0 2437 2 4566; x_wconf 95' lang='lat' dir='ltr'> </span> 
     </span>
    </p>
   </div>
   <div class='ocr_carea' id='block_1_8' title="bbox 0 0 1483 4800">
    <p class='ocr_par' dir='ltr' id='par_1_18' title="bbox 0 0 1483 4800">
     <span class='ocr_line' id='line_1_40' title="bbox 0 0 1483 4800; baseline 0 0"><span class='ocrx_word' id='word_1_347' title='bbox 0 0 1483 4800; x_wconf 95' lang='lat' dir='ltr'> </span> 
     </span>
    </p>
   </div>
  </div>
 </body>
</html>
