3038 4796
381 297 618 369 mmmm
637 297 700 371 ax
719 297 936 370 uisroaus
957 263 1151 376 armum
1243 301 1320 378 375

213 461 431 544 torpa-statione
445 461 566 522 nullum
583 481 678 544 penes
690 481 739 522 me
759 469 804 522 est
817 459 981 542 iudicium,
1003 483 1174 546 quanquam
1189 491 1320 556 compa..

211 577 275 644 ret,
299 566 375 626 adeo
395 565 559 626 verborum
577 573 698 625 tenaces
717 565 811 626 fuisse
828 563 1026 646 interpretes,
1050 575 1086 630 ut
1106 591 1243 638 sermone
1261 597 1319 658 pa.

211 689 282 732 rum
297 669 405 730 Latino
420 669 469 727 usi
485 667 563 746 sint3
585 677 716 729 attamen
733 668 860 730 difficile
880 689 952 729 sane
968 678 1032 748 est,
1055 670 1175 752 ingenio
1196 679 1317 758 lingua.

209 792 281 836 rum
303 772 504 834 Orientalium
525 773 752 833 accommodare
762 771 901 834 Latinam
916 782 947 834 et
967 793 1178 856 saepenumero
1199 800 1317 863 vereor,

208 897 249 938 ne
260 875 342 938 idem
356 875 438 956 quad
450 895 523 934 mox
535 875 569 935 in
581 876 647 936 aliis
660 875 854 956 castigabam,
877 875 931 936 alii
943 876 978 938 in
989 897 1039 940 me
1059 881 1233 961 castigatori
1246 884 1317 950 sint.

293 1011 554 1093 Abulpharagium
576 1012 736 1094 excipiunt
760 1021 902 1094 excerpta
918 1032 957 1073 ex
970 1015 1125 1076 annalibus
1141 1016 1318 1096 Abulsedae‚

210 1115 362 1176 aReiskio
376 1115 482 1176 Latine
496 1115 624 1177 redditis
638 1125 669 1178 et
682 1125 754 1198 post
767 1125 896 1177 mortem
903 1115 964 1176 viri
974 1117 1140 1208 doptissimi
1156 1130 1185 1181 et
1197 1122 1318 1202 linguae

209 1217 355 1280 Arabicae
370 1219 506 1298 apprime
518 1217 610 1300 periti
622 1219 748 1280 Arabica
760 1229 790 1280 et
802 1219 907 1280 Latine
923 1219 1011 1284 editis
1025 1221 1061 1281 ab
1077 1224 1102 1287 I.
1114 1225 1150 1286 G.
1162 1225 1314 1316 a'Adler,

207 1324 378 1404 professore
392 1321 559 1382 Hafaiensi.
599 1321 696 1382 Notus
707 1331 752 1382 eat
764 1333 870 1383 auctor
882 1343 981 1404 neque
993 1323 1133 1385 instituta
1149 1326 1186 1386 de
1200 1347 1234 1387 ao
1248 1327 1314 1388 dis·

206 1425 366 1508 putatione
382 1423 501 1507 temp'ua
518 1425 660 1486 obsidebo
683 1423 815 1484 lectoris.
843 1424 890 1485 Ex
904 1430 984 1486 notis
999 1427 1167 1488 Reiskianis
1181 1449 1229 1490 eas
1242 1439 1315 1490 tan-

206 1539 274 1588 tum
289 1527 418 1608 retinui,
442 1549 517 1608 quae
537 1527 627 1588 rebus
652 1525 852 1588 dilucidandis
874 1527 1073 1610 inservirent,
1095 1531 1216 1612 ceteris,
1239 1553 1315 1614 quas

206 1628 269 1692 huc
282 1653 346 1694 non
360 1633 508 1710 facerent,
530 1629 659 1699 omissis.

291 1768 340 1832 Eas
351 1768 499 1830 Elmacini
514 1767 641 1830 historia
653 1765 832 1827 Saracenica
849 1787 925 1848 quae
940 1788 1165 1853 excerpseram‚
1185 1773 1310 1836 omnino

206 1870 311 1950 omisi,
333 1892 428 1952 quum
443 1872 668 1954 comparatione
681 1873 762 1933 sacta
774 1871 933 1952 vidissem,
955 1872 1000 1932 nil
1012 1875 1075 1934 sere
1095 1873 1131 1934 ab
1148 1896 1183 1936 eo
1194 1897 1312 1938 memo·

202 1975 266 2036 riae
280 1973 438 2056 proditum
454 1976 560 2057 sitisse,
585 1969 671 2057 quod
682 1997 747 2035 non
761 1975 914 2058 copiosius
928 1985 959 2038 et
972 1975 1080 2038 melius
1092 1977 1152 2039 iam
1165 1978 1312 2042 traditum

201 2077 243 2138 ait
256 2077 294 2138 ab
312 2075 538 2160 abulpharagio
556 2088 587 2140 et
599 2079 759 2171 Abulleda.

286 2217 404 2279 Ultimo
419 2217 549 2298 denique
562 2215 631 2279 lico
644 2217 751 2280 Latine
763 2217 981 2298 interpretatus
994 2237 1061 2280 sum
1073 2227 1190 2300 partem
1202 2215 1310 2298 libelli,

202 2329 273 2381 aute
288 2320 346 2382 hos
365 2329 435 2381 octo
457 2341 552 2381 annos
573 2321 649 2383 editi
664 2343 683 2382 a
700 2322 735 2384 V.
753 2321 868 2382 clariss.
888 2321 927 2384 G.
946 2321 1000 2386 W.
1020 2322 1195 2402 Reitugio,
1217 2319 1308 2401 lingg.

202 2425 331 2485 Orientt.
351 2425 386 2484 in
398 2423 457 2484 bac
472 2423 631 2488 Academia
645 2426 727 2508 prof.
741 2425 826 2508 publ.
840 2423 949 2502 ordin,
971 2444 1058 2504 quem
1071 2423 1310 2505 linguaedrabi-

200 2547 254 2588 cae
273 2537 499 2608 praeceptorem
522 2527 589 2610 ipae
609 2549 756 2608 veneror,
777 2527 838 2588 boo
855 2525 912 2588 sub
935 2525 1237 2606 titulos'llsgieruug
1255 2525 1309 2586 das

200 2629 500 2690 Saabd-Addaulazu
511 2629 637 2713 Aleppo.
661 2635 723 2693 Aua
738 2631 820 2692 einer
827 2630 1012 2692 Arabischen
1018 2627 1220 2692 Handscbrist
1232 2628 1309 2690 ber-

202 2732 382 2812 ausgegeben
403 2753 466 2794 von
486 2735 522 2794 G.
544 2736 591 2794 W.
610 2735 738 2814 Freitag.
782 2735 897 2794 Textus
911 2731 1070 2810 Arabicus,
1093 2733 1145 2813 qui
1158 2732 1227 2794 heic
1241 2733 1308 2814 pri·

200 2851 286 2894 mum
311 2833 394 2918 typis
423 2836 592 2918 exscriptus
618 2847 679 2916 eat,
703 2845 864 2918 excerptus
885 2845 930 2896 est
950 2856 966 2896 e
986 2835 1091 2898 codice
1102 2836 1232 2898 Arabico
1247 2837 1308 2897 Pa-

198 2937 334 3016 riaienti,
358 2919 444 2998 ouius
464 2951 581 3019 partem
602 2941 664 3000 iam
685 2949 771 3000 antea
792 2938 908 3020 publici
926 2937 1003 3000 iuris
1022 2940 1134 3000 fecerat
1154 2937 1236 3000 idem
1255 2938 1306 3007 vir

197 3041 326 3118 doctus,
348 3039 409 3100 boc
422 3041 537 3106 indica:
559 3044 675 3104 Selecta
695 3062 733 3103 ex
747 3039 876 3102 historia
889 3041 1013 3120 Halebi;
1036 3041 1082 3103 ed.
1101 3041 1137 3100 G.
1157 3045 1204 3106 W.
1217 3042 1305 3104 Frei-

196 3153 256 3225 tag.
297 3143 434 3205 Lutetiae
452 3147 649 3210 Parisiorum.
672 3149 765 3212 1819„
806 3143 972 3206 Praemisso
992 3153 1037 3206 est
1060 3145 1180 3224 eopiosa
1194 3153 1225 3204 et
1243 3145 1304 3205 bo-

195 3267 254 3308 nae
274 3248 370 3328 frugis
389 3249 480 3331 plena
507 3248 632 3308 editoris
651 3249 812 3329 praefatio,
839 3247 873 3308 in
895 3267 954 3326 qus
975 3246 1013 3307 ds
1034 3247 1166 3308 auctoris
1189 3245 1253 3307 vita
1273 3255 1305 3310 st

194 3351 256 3414 fade
276 3353 354 3414 libro
370 3351 435 3412 uus
450 3351 589 3412 habenda
601 3361 742 3412 accurate
757 3353 943 3433 disputatum
964 3358 1027 3426 est3
1049 3348 1191 3411 brevibus
1209 3348 1302 3428 igitur

194 3454 226 3516 b.
243 3457 266 3518 l.
279 3477 345 3517 rem
357 3453 500 3536 expedire
512 3473 645 3534 possum.
685 3437 785 3516 Natus
796 3464 841 3516 est
862 3463 969 3514 auctor
983 3474 1063 3514 anno
1081 3451 1215 3538 Arabum
1237 3451 1301 3520 588

193 3559 318 3637 Halebi3
345 3577 458 3619 nomen
481 3556 510 3616 ei
530 3557 589 3616 suit
609 3557 741 3618 Olunaro
754 3557 984 3634 ,beri-Abmed,
1009 3556 1181 3634 designatur
1200 3565 1301 3620 autem

192 3663 373 3743 plerumque
393 3658 571 3739 cognomine
592 3660 795 3721 (lemaleddini
820 3655 854 3746 (l.
872 3661 893 3723 l.
914 3683 945 3742 p.
973 3657 1130 3744 xxxvl).
1163 3658 1218 3722 Vir
1240 3659 1300 3720 fuit

192 3783 279 3826 rarae
294 3763 466 3838 doctrinas,
488 3761 615 3822 eximiae
628 3763 826 3844 prudentiae,
851 3765 890 3824 ad
909 3786 959 3826 res
970 3763 1097 3844 agendas
1109 3772 1196 3822 natus
1210 3771 1299 3841 atque

191 3877 301 3949 aptus,
330 3866 513 3946 summisque
533 3865 698 3926 honoribus
715 3887 731 3924 a
751 3867 941 3948 principibus
956 3867 1021 3928 suis
1046 3875 1187 3942 ornatum
1217 3864 1296 3926 diem

191 3969 267 4031 obiit
288 3988 462 4050 supremum
475 3988 555 4028 anno
570 3972 633 4034 660
644 3967 748 4046 Mizri,
772 3968 884 4050 oppido
896 3970 1088 4052 Aegyptiace.
1131 3967 1296 4030 Historiam

191 4071 299 4134 Halebi
312 4071 416 4146 indes
434 4071 540 4153 primis
560 4071 646 4150 urbis
661 4070 755 4132 initiis
772 4071 931 4152 diligenter
945 4082 976 4132 et
992 4081 1131 4134 accurate
1140 4118 1149 4151 ,
1171 4093 1249 4153 puro
1264 4082 1296 4133 at

191 4173 326 4257 simplici
345 4174 467 4236 dicendi
480 4194 586 4256 genera
600 4195 691 4254 usus,
712 4175 873 4236 memoriae
885 4175 1055 4256 mandavit,
1075 4175 1212 4237 veritatis
1222 4195 1296 4257 prae

192 4279 297 4344 ceteris
320 4277 492 4350 studioauar
521 4297 580 4362 qua
598 4277 637 4341 de
651 4299 685 4342 ra
706 4277 841 4341 iudicent
862 4277 989 4341 lectores
1007 4278 1086 4362 ipsi,
1108 4280 1135 4342 ai
1154 4287 1295 4360 excerpta

945 4585 960 4624 Ι
