3038 4796
281 349 356 423 414
624 356 660 426 C
678 357 715 426 Β
737 353 854 426 lusu
872 355 1025 426 NOTAE

277 513 423 626 polensi*
404 533 461 583 oto
474 508 668 593 σίναὸιδιίξαι,
690 509 753 580 εἶτα
764 513 815 580 ναί
829 513 963 580 ἐκδικίαν
979 509 1163 598 σίτῆσασθσι
1175 512 1246 600 παρ’
1262 511 1370 596 αιίτυῦ,

277 606 330 669 καί
344 628 400 685 την
407 627 461 668 του
475 627 570 667 κακον
558 597 682 666 λύσιν.
713 595 815 684 Toorqr
828 597 1011 666 καθεύδοντι
1022 601 1173 678 intorsi3‘
1156 629 1173 669 ο
1185 604 1276 706 μέγας
1285 599 1370 686 tinel-

276 689 349 770 λησί
359 712 390 752 τε
405 688 572 796 ἐμβρυθοῖς,
592 687 645 752 καί
660 690 716 768 τῆς
731 686 828 772 ὁρμῆς
842 686 953 788 lamae,
975 687 1026 750 ναί
1039 686 1129 761 εἰς
1095 713 1152 770 την
1165 684 1294 796 Aco'qcv
1307 688 1369 752 tet-

277 779 363 838 ίευσε
381 769 415 838 ti
435 778 615 857 παραχρῆμα
634 773 825 849 ἐπανελθεῖν,
830 764 937 878 Ἐγώ,
950 769 1123 876 .υροσθείς,
1143 769 1182 835 eei
1203 778 1259 835 τοῦ
1276 767 1369 854 lyra-

276 860 358 936 τίυυ,
380 851 602 962 incautiorem.
609 854 749 942 διῴκησα.
792 851 855 919 Ουά
880 853 964 940 ου’τῷ
985 853 1077 919 ii'
1037 881 1120 942 μονα
1128 903 1137 934 ,
1160 850 1234 920 cilici
1254 857 1306 920 sot
1323 861 1370 943 τῷ

275 937 471 1008 coroieoovu
483 965 601 1027 μοναχρι
588 943 692 1016 '’ioot3
713 942 904 1019 ἐπιφαίνεται
917 948 981 1014 τοῖς
998 921 1137 1024 ὀνείροις.
1172 937 1281 1006 ἈΒΗ
1263 963 1336 1044 οπερ
1345 921 1369 1006 ὁ

51 1061 56 1075 ·
159 1025 299 1094 2⁰19?
278 1051 364 1113 αγιος
384 1025 647 1108 internicione,
621 1051 663 1100 υς
679 1032 833 1107 προσῆκον
855 1025 895 1106 [Ι.
908 1027 1090 1130 προσῆρεν],
1112 1023 1229 1105 lqm,''
1208 1049 1309 1108 αγριος
1321 1049 1369 1100 τις

274 1113 327 1177 ναί
354 1109 454 1192 ίταμὸς
470 1109 652 1193 ἅνθρωπος,
674 1110 867 1217 πορευομένῳ
889 1105 1077 1190 συναντήσας
1096 1117 1141 1196 τῷ
1157 1109 1303 1216 Ἰγυατίφ,
1325 1111 1369 1186 είς

274 1198 349 1281 μέρη
371 1219 402 1260 τε
422 1196 474 1260 καί
493 1196 566 1277 μέλη
590 1192 788 1276 διατίμνει
753 1217 807 1259 τον
827 1193 954 1258 οθίιον·
977 1197 1077 1259 ἔπειτα
1089 1197 1140 1258 καί
1154 1194 1217 1277 τήν
1230 1192 1369 1296 ιιιφαίὴν

274 1282 393 1355 ἐπιθείς
417 1283 512 1365 λίθῳ,
533 1282 583 1343 καί
606 1281 692 1386 ἑτέρῳ
712 1283 801 1360 βαρεῖ
816 1283 984 1386 συντρίψας
1003 1303 1036 1343 τε
1056 1280 1107 1342 καί
1125 1275 1297 1353 συνθλασας
1315 1280 1369 1343 ταί

275 1363 349 1446 cino
363 1361 438 1438 ola3
452 1343 668 1438 ncrolesircc’
649 1361 748 1427 cnido
762 1362 861 1450 ᾤχετο,
883 1365 934 1428 καί
952 1360 1111 1447 οἷχείρωτος
1126 1367 1169 1440 είς
1182 1367 1272 1446 δεῦρο
1287 1363 1370 1428 νοτί-

275 1471 339 1531 στη.
381 1451 447 1510 Hoc
461 1459 522 1510 est:
551 1451 590 1508 Ut
601 1461 702 1508 autem
718 1453 752 1508 in
767 1451 838 1508 illos
850 1453 1021 1529 propitius,
1043 1455 1226 1508 sicrursurn
1243 1453 1370 1508 iniustis

207 1549 209 1553 '
272 1539 481 1616 perversisque
494 1535 654 1610 terribilis,
677 1546 704 1592 et
724 1534 770 1594 ad
782 1539 992 1594 correctionem
1010 1536 1228 1614 implacabilis.
1271 1535 1369 1594 Cetius

276 1625 321 1680 rei
340 1631 552 1701 argumentum
574 1631 616 1680 est
632 1621 750 1699 Ignatii
770 1620 912 1680 monachi
920 1665 929 1693 ,
952 1624 1006 1700 qui
1023 1617 1198 1680 Gon-ianas
1211 1622 1369 1700 cogitami-

239 1721 242 1736 ·
274 1707 426 1784 nabotur,
449 1706 558 1764 acerba
570 1718 598 1764 et
614 1704 789 1764 miseranda
801 1725 889 1764 mors.
932 1709 997 1764 Hic
1011 1709 1102 1781 enim,
1126 1727 1195 1764 curn
1211 1708 1243 1764 in
1261 1725 1369 1763 nume-

275 1813 309 1851 ro
327 1791 544 1850 monachorum
560 1801 648 1864 esset,
665 1802 738 1869 post
755 1795 857 1848 sancti
876 1795 977 1852 Patris
995 1811 1143 1848 excessum
1164 1813 1185 1850 a
1204 1789 1297 1848 laura
1316 1788 1368 1848 de·

265 1879 395 1956 ficiens,
418 1875 564 1935 adversus
578 1876 667 1934 illam
680 1895 769 1933 arma
781 1879 906 1934 suamet:
928 1887 962 1935 at
975 1878 1038 1954 ipsi
1058 1874 1180 1954 quidem
1197 1873 1367 1953 videbatur,

195 1999 197 2004 ·
267 1973 428 2042 praetextu
442 1965 524 2020 iusto
532 1985 544 2036 5
565 1985 597 2020 re
611 1981 682 2022 uera
695 1972 815 2037 autem,
831 1981 970 2043 perversa
981 1979 1112 2040 prorsus
1130 1963 1242 2036 animo,
1264 1971 1293 2018 et
1310 1959 1369 2019 do-

271 2047 413 2106 minandi
426 2049 534 2106 insano
549 2065 649 2105 amore
668 2044 788 2106 ductus.
835 2048 898 2124 Qui
917 2066 986 2126 ergo
1008 2046 1117 2104 lauros
1130 2057 1203 2104 tunc
1215 2057 1369 2124 praeerat,

265 2135 427 2212 perculsus
443 2133 572 2190 malitiis
596 2143 690 2210 atque
703 2132 860 2189 simultate
873 2134 954 2204 cius,
976 2141 1041 2188 ium
1054 2131 1123 2188 alia
1130 2133 1211 2207 fecit
1226 2151 1305 2209 quae
1320 2133 1369 2188 in-

271 2221 344 2296 opia
361 2229 389 2276 et
404 2239 534 2276 moerore
551 2220 684 2296 oppressi
695 2218 800 2290 solent,
823 2227 889 2274 tum
903 2215 948 2272 ad
963 2215 1174 2293 Nicephorum,
1197 2219 1254 2294 qui
1265 2235 1368 2273 rerum

269 2302 361 2362 haud
380 2304 476 2361 multo
487 2315 560 2382 post
569 2306 690 2380 potitus
702 2313 761 2376 est,
783 2305 847 2358 iam
861 2305 894 2359 in
911 2303 1031 2360 Cretam
1043 2303 1231 2379 prefectum,
1251 2322 1283 2357 se
1297 2321 1368 2359 asn-

269 2388 354 2464 tnttt,
369 2389 488 2466 alloqui
503 2407 571 2444 eum
584 2388 888 2466 cupienslgnatiiqu'e
901 2405 994 2465 quam
1004 2405 1116 2464 graves
1124 2388 1257 2444 iniuriae
1272 2397 1368 2444 esseni

269 2491 513 2547 commemorare,
544 2483 610 2530 tum
638 2471 806 2530 oindictam
826 2471 865 2528 ab
886 2494 918 2528 eo
941 2473 1074 2549 malique
1088 2471 1186 2549 finem
1204 2491 1367 2550 exposcere.

268 2559 356 2614 Huic
384 2520 545 2614 dormienti
569 2575 603 2613 se
629 2557 753 2636 offerens
779 2559 913 2615 Sanctae
933 2559 1135 2614 comminatus
1155 2566 1198 2614 est
1216 2559 1365 2636 graviter,

241 2644 395 2720 Baiusque
413 2643 556 2719 impetum
573 2645 723 2719 repressit,
745 2639 790 2701 ad
801 2643 983 2720 laurumque
1000 2643 1091 2698 iussit
1104 2643 1244 2728 euestigt'o
1260 2640 1366 2706 redire.
1425 2693 1430 2700 .

268 2728 340 2804 Ego,
362 2729 475 2805 inquit,
497 2726 534 2784 ds
547 2727 635 2784 rebus
650 2725 771 2804 ignatii,
793 2737 938 2806 quantum
953 2725 1068 2803 attinet,
1091 2715 1220 2806 providi
1265 2727 1368 2806 Neque

268 2811 343 2888 lucio
355 2813 465 2884 solum,
488 2810 543 2868 sed
556 2813 660 2869 comiti
677 2833 793 2890 quoque
807 2815 942 2886 ituseru,
964 2811 1120 2886 monacho,
1141 2813 1367 2870 somniosimili

266 2897 355 2958 visus
366 2907 417 2954 est.
456 2895 549 2975 Quod
554 2919 625 2954 vero
634 2898 765 2956 Sanctus
775 2917 814 2965 se,
836 2909 987 2976 quantum
1001 2899 1184 2971 attinuisset,
1193 2896 1366 2975 providisse

268 2979 361 3056 dixit,
385 2985 516 3061 agrestis
530 2981 659 3060 quidam
684 2985 809 3059 etserus
823 2984 928 3058 loma,
952 2983 1073 3062 Ignotio
1091 2984 1124 3039 in
1144 2985 1249 3040 itinere
1262 3001 1366 3040 occur·

266 3087 344 3145 rens,
365 3069 398 3124 in
409 3070 522 3144 frusta
536 3067 722 3126 membratim
735 3065 868 3125 concidit
883 3071 1043 3128 miserum:
1066 3065 1173 3124 deinde
1185 3077 1278 3146 caput
1293 3087 1366 3146 quo.

267 3171 325 3230 que
345 3151 448 3231 lapidi
466 3155 641 3231 impositum
663 3156 757 3212 altero
767 3150 938 3232 ponderoso
958 3156 1004 3210 ita
1021 3155 1162 3210 contrivit
1178 3163 1270 3231 atque
1285 3171 1366 3210 cons·

265 3241 394 3308 minuit,
424 3248 459 3294 ul
484 3247 581 3294 lotum
607 3240 732 3316 penitus
748 3239 971 3316 complanaret:
999 3257 1059 3317 quo
1077 3247 1202 3315 peracto
1228 3239 1363 3316 aufugit,
1454 3257 1464 3270 ·

264 3343 358 3401 neque
383 3320 524 3380 adhunc
539 3320 619 3379 diem
636 3333 744 3400 captus
759 3333 810 3380 est.
853 3323 1029 3402 Sequentia,
1050 3331 1086 3382 ut
1101 3323 1195 3380 alieno
1213 3322 1255 3380 sb'
1266 3341 1365 3402 cxpe-

265 3407 380 3466 ditione
395 3407 511 3466 Cretica
525 3404 700 3484 Nicephori,
723 3407 760 3464 sd
775 3405 869 3482 illum,
890 3417 926 3466 ut
938 3407 1011 3482 dixi,
1034 3407 1159 3465 Tamum
1174 3406 1285 3482 relisis,
1302 3419 1363 3486 quo

260 3492 339 3552 vitos
364 3493 541 3552 Sanctorum
564 3493 636 3551 sliss
658 3491 839 3571 complures,
867 3511 935 3551 cum
957 3492 995 3550 sd
1017 3490 1092 3552 hssc
1111 3500 1177 3551 tum
1201 3490 1238 3549 cd
1254 3491 1364 3550 leono-

263 3574 422 3635 clsstsrum
436 3585 571 3656 tempora
581 3576 778 3656 pertinentes,
801 3595 865 3636 eum
877 3577 1059 3656 prolaturus.
1102 3577 1255 3636 Praeterea
1270 3586 1364 3654 egunt

260 3659 298 3720 ds
327 3658 387 3720 hoc
412 3660 490 3720 bello
514 3661 630 3722 Cretico
656 3671 791 3721 suctores
810 3660 885 3721 duo:
913 3663 990 3722 τίνοι·
1007 3661 1126 3720 Simeon
1149 3659 1308 3740 logotheta
1327 3661 1363 3720 iu

261 3743 411 3805 Chronico
423 3746 493 3807 edit.
504 3746 682 3806 nCombefis.
695 3747 857 3826 Scriptorc.
866 3757 936 3826 post
944 3745 1116 3826 Theophau.
1125 3746 1197 3813 401.
1207 3747 1232 3805 Δ
1241 3779 1278 3791 -
1286 3747 1363 3814 498.

258 3829 301 3888 D:
332 3832 408 3890 alter
431 3829 621 3911 Anonymus,
650 3851 739 3910 quem
762 3832 817 3891 sub
845 3832 915 3890 Iulii
935 3832 1064 3892 Pollucis
1084 3831 1206 3890 nomine
1230 3830 1363 3912 primum

259 3913 363 3976 loson.
377 3917 412 3977 B.
428 3915 616 3994 Romanius,
638 3917 788 3976 Bononiae
804 3921 894 3983 1779.
910 3917 972 3976 Fol.
986 3915 1094 3976 deinde
1116 3915 1245 3995 lgnslius
1256 3916 1363 3992 fluuit,

235 3999 401 4060 Cllcnschi
416 4003 680 4083 etLipsics1792.
696 4006 725 4068 8.
742 4001 913 4062 ediderunt:
934 4001 1004 4062 vide
1018 4002 1131 4063 Herlcs.
1162 4000 1237 4063 Bibl.
1256 4001 1362 4061 onec

261 4085 311 4146 Vl.
329 4085 399 4152 144.
414 4089 447 4160 ι).
480 4087 559 4146 Sed
549 4109 582 4146 m
596 4087 760 4186 utriusque
767 4105 836 4146 cum
849 4085 1006 4146 Bisnconii
1019 4097 1083 4148 tum
1096 4085 1214 4146 Hardtii
1230 4085 1363 4146 editions

258 4169 353 4230 lulius
368 4172 475 4231 Pollux
490 4172 601 4232 desinit
612 4173 692 4233 sub'
683 4173 777 4232 mitiis
779 4161 929 4232 Gratiani
943 4173 1031 4252 Aug.;
1058 4174 1091 4232 in
1103 4171 1212 4231 Codice
1224 4170 1361 4231 Vsticsn.

259 4256 396 4322 No.163.
409 4277 472 4316 non
485 4257 575 4318 modo
591 4267 689 4317 totum
705 4257 840 4317 Gratiani
851 4277 984 4336 regnum,
1006 4259 1058 4317 ssd
1071 4277 1118 4318 τοι
1136 4255 1224 4316 etism
1240 4253 1362 4334 imperii

260 4341 422 4402 orientius
437 4344 645 4424 persequitur,
668 4342 707 4402 sd
721 4342 854 4404 medium
864 4361 959 4424 usque
973 4343 1123 4404 saeculum
1136 4343 1175 4402 X.
1191 4339 1283 4421 triplo
1296 4340 1362 4400 fers
