2956 4800
265 415 311 466 xx
704 401 742 470 C.
761 401 798 470 B.
818 385 936 469 thll

266 562 377 643 donio,
398 541 596 644 Chrpsolora,
616 559 776 622 Theodoro
791 561 888 638 Gara,
911 547 1134 641 Chalcondyla,
1154 559 1188 622 id
1209 578 1300 640 genus
1316 557 1367 619 di-
1431 535 1437 542 ⁵

267 665 514 746 cendispretum
539 671 584 726 est
603 683 638 724 ac
658 665 824 746 repulsum.
866 663 963 724 Simul
981 657 1073 722 iideu'a
1092 661 1184 743 primi
1204 668 1368 743 coeperunt

172 767 204 821 P·
218 769 255 821 11
270 768 369 829 minus
387 767 538 829 serviliter
557 775 694 826 veterum
714 765 829 847 stylum
850 787 888 826 sc
909 763 1061 826 scribendi
1082 765 1229 825 rationem
1245 763 1367 825 imitari.

264 871 340 932 Nam
358 879 436 947 ante,
448 867 543 930 veluti
559 868 819 948 emortualingua,
836 867 967 949 sibiipsi
982 865 1160 927 diffidebant
1175 869 1237 932 t'ere
1248 886 1368 943 omnes;

266 981 298 1034 st
316 981 403 1033 erant
413 981 555 1052 tanquam
568 969 702 1032 anniculi
715 970 856 1048 infantes,
878 969 931 1050 qui
942 968 1064 1030 nonnisi
1077 969 1109 1028 in
1124 969 1294 1046 curriculo,
1317 975 1370 1027 aut

266 1084 429 1159 praeeunte
451 1061 553 1150 duce,
564 1069 761 1134 inambulant.
803 1071 871 1132 Non
890 1092 1052 1152 perennem
1067 1092 1102 1130 ac
1116 1079 1289 1152 perpetuam
1304 1077 1370 1129 tum

268 1175 449 1260 simplicium
464 1185 530 1237 tum
545 1175 760 1234 collocatorum
778 1175 938 1235 verborum
957 1185 988 1235 et
1000 1175 1092 1236 totius
1105 1183 1274 1234 structurae
1293 1191 1371 1230 con-

269 1281 444 1346 cinnitatem
463 1294 681 1355 numerumque
704 1275 949 1352 aemulabantur,
970 1298 1033 1337 non
1056 1277 1160 1357 (quod
1175 1283 1267 1356 caput
1287 1267 1370 1354 erat)

268 1383 384 1442 animos
409 1389 523 1440 erectos
538 1385 686 1438 veterum:
708 1377 760 1437 aad
776 1377 802 1438 si
817 1400 892 1459 quos
906 1379 1117 1439 existimabant
1134 1375 1299 1438 imitatione
1320 1375 1372 1435 di-

268 1504 360 1564 gnos,
381 1503 484 1542 eorum
506 1480 629 1561 phrases
650 1479 785 1560 undique
809 1491 941 1563 arreptas
955 1465 994 1540 ad
1010 1481 1136 1542 verbum
1153 1479 1374 1541 transferebant

267 1587 301 1646 in
333 1584 458 1668 propria
485 1583 607 1663 scripta.
648 1581 749 1662 Neque
772 1583 831 1642 alio
852 1591 943 1664 pacto
963 1585 1023 1644 Leo
1047 1584 1116 1663 egit.
1134 1651 1143 1664 ,
1159 1583 1373 1646 Verumtamen

266 1687 349 1748 inter
370 1707 438 1748 eum
463 1693 492 1746 et
514 1685 651 1764 aequales
671 1684 764 1770 ipsius
788 1681 1028 1762 illud'interest,
1051 1687 1133 1766 quod
1152 1686 1203 1764 hi,
1225 1695 1374 1767 quantum

267 1799 408 1872 possent,
431 1804 533 1848 omnes
545 1787 764 1868 propemodum
777 1787 912 1846 omnium
924 1798 1083 1848 auctorum
1095 1789 1242 1850 nobilium
1256 1807 1373 1848 consu·
1471 1813 1474 1824 ·

268 1902 387 1954 merent
407 1889 523 1951 moulan
545 1888 707 1967 imitando,
729 1890 835 1949 Leonis
857 1910 954 1950 sermo
967 1911 983 1951 e
996 1891 1092 1951 tribus
1106 1891 1224 1951 demum
1236 1889 1374 1950 lontibus

267 1994 412 2071 fluxerit,
433 2013 472 2053 ex
485 1991 623 2052 versione
635 2013 708 2054 ω.
723 1992 921 2074 interpretum
943 1993 1051 2072 (libros
1069 1994 1142 2054 n'ovi
1158 1993 1299 2054 Foederis
1314 1991 1374 2051 mi·

267 2115 327 2156 nus
344 2095 448 2155 crebro
471 2090 645 2179 compilat),
668 2115 705 2155 ex
720 2095 870 2174 Homero,
892 2117 930 2155 ex
942 2095 1066 2174 Agathia
1080 2095 1254 2175 Myrinensi.
1297 2095 1374 2156 lnda

268 2195 403 2278 piscatus
421 2205 464 2255 est
475 2197 653 2275 locutiones,
675 2197 784 2278 quihus
799 2199 911 2279 scripta
926 2197 1047 2257 infercit
1061 2207 1090 2256 et
1102 2199 1204 2278 explet
1219 2219 1284 2276 sua,
1303 2208 1371 2257 tan-

269 2317 360 2377 quam
382 2296 415 2356 in
439 2313 535 2358 unum
557 2319 660 2379 agrum
680 2301 771 2382 plura
795 2299 876 2359 inter
901 2321 933 2360 se
948 2299 1069 2358 inimica
1091 2321 1231 2380 spargens
1247 2300 1371 2362 semina.

256 2381 327 2459 ¹Sed
350 2419 414 2458 non
434 2401 527 2460 resert
545 2401 642 2462 aliano
657 2411 767 2462 ornatu
785 2401 968 2480 distinguere
991 2421 1173 2480 sermonem,
1195 2401 1255 2463 nisi
1277 2418 1370 2482 queas

269 2499 304 2582 id
327 2521 395 2561 cnm
417 2501 530 2563 iudicio
545 2513 673 2586 apteque
696 2506 806 2565 facere:
828 2504 987 2583 minusque
1000 2523 1092 2582 genus
1107 2503 1226 2566 dicendi
1241 2506 1305 2566 eiua
1317 2503 1371 2566 vi-

267 2597 392 2664 'deretur
405 2603 630 2684 inconcinnum,
646 2607 682 2684 si,
704 2606 841 2687 deposito
856 2605 937 2666 omni
951 2605 1114 2666 rhetorices
1130 2606 1271 2688 strepitu,
1294 2606 1374 2666 Con·

270 2705 396 2766 stantini
407 2705 687 2788 Porphyrogenetae
698 2709 835 2789 exemplo
849 2709 899 2768 vel
913 2709 952 2769 ad
965 2710 1084 2770 intimae
1103 2711 1197 2791 plebis
1206 2707 1372 2770 orationem

141 2867 148 2884 ,
269 2807 330 2868 Leo
352 2827 414 2868 sese
436 2807 603 2874 deiecisset.
645 2811 675 2871 Is
696 2821 800 2872 contra
821 2811 960 2892 Agathia,
983 2813 1068 2872 cuius
1080 2813 1373 2892 grandiloquentiam

270 2915 301 2969 et
322 2907 504 2970 cothurnum
523 2913 578 2973 vix
599 2933 682 2974 nuno
705 2915 844 2994 ferimus,
874 2915 996 2977 videtur
1017 2917 1179 2998 praecipue
1198 2916 1372 2976 delectatus.

268 3009 337 3072 Hoc
352 3011 556 3085 demonstravi
569 3015 667 3076 allatis
681 3016 714 3075 in
731 3017 951 3079 Commentario
966 3019 1062 3095 (velut
1075 3025 1147 3087 206.
1165 3016 1212 3102 0.)
1226 3018 1309 3104 illius¹
1320 3019 1373 3079 lo-

270 3115 329 3191 cis,
353 3134 414 3174 non
427 3115 537 3196 ubique
554 3125 670 3180 tamen:
691 3139 762 3180 nam
776 3121 874 3180 omnia
888 3122 1011 3181 minima
1024 3121 1155 3181 maxima
1168 3119 1292 3201 vestigia
1303 3119 1372 3180 imi.

267 3216 391 3277 tationis
416 3217 556 3297 colligere
577 3221 720 3300 putidum
734 3231 797 3284 erat
816 3243 872 3284 nec
885 3225 1071 3283 conducebat
1085 3223 1246 3304 quicquam
1261 3221 1300 3284 ad
1312 3243 1372 3283 an-

269 3319 362 3378 ctoris
389 3339 459 3378 cnm
481 3319 758 3401 interpretationem
783 3334 848 3385 tum
867 3326 1112 3386 emendationem.
1159 3325 1188 3396 ll
1211 3324 1371 3408 Procopio,

268 3418 414 3480 ieiuniors
435 3422 515 3502 stylo
525 3404 529 3412 ’
539 3443 586 3484 res
601 3433 766 3504 tractante,
788 3424 867 3485 nihil
878 3425 1000 3488 videtur
1014 3428 1152 3488 sumsisse
1164 3437 1285 3508 praeter
1298 3447 1371 3488 sen-

268 3521 410 3580 tentiolas
433 3524 592 3604 quasdam,
615 3529 741 3590 exordio
757 3537 787 3587 et
802 3527 987 3590 orationibus
1001 3531 1110 3610 passim
1127 3530 1263 3593 insertas.
1305 3529 1371 3590 Ns-

270 3640 329 3700 qua
343 3642 466 3702 usquam
479 3625 543 3685 ullo
563 3629 690 3709 vestigio
704 3629 926 3711 deprehendere
940 3633 1022 3711 licet,
1035 3633 1194 3714 primarios
1208 3633 1371 3714 scriptores

268 3721 494 3803 Thucydidem,
519 3727 691 3820 Polybium,
714 3733 927 3812 Plutarchum,
949 3734 985 3795 ab
1010 3755 1044 3794 eo
1065 3755 1129 3794 esse
1152 3733 1370 3816 pervolntstos.

268 3825 423 3887 Praeterea
445 3828 573 3907 reperies
591 3831 623 3890 in
642 3853 677 3892 eo
701 3833 879 3917 plerumque
892 3842 1028 3913 τοιοῦτος
1041 3837 1188 3918 positum,
1210 3839 1262 3900 ubi
1276 3837 1372 3900 Attici

268 3919 357 4003 οὗτος
375 3929 574 4010 scripsissent.
618 3933 762 3998 Similiter
788 3959 876 4000 nsum
898 3940 1111 4002 creberrimum
1138 3941 1370 4024 praepositionis

266 4025 359 4112 rard,
382 4051 439 4112 pro
451 4031 498 4096 ἐν·
520 4034 622 4114 velut,
644 4046 679 4097 nt
697 4036 757 4098 hoc
777 4049 864 4117 utar,
887 4045 958 4108 108.
982 4045 1012 4105 C.
1029 4050 1092 4117 τοῖς
1104 4041 1180 4107 susal
1196 4041 1254 4126 τήν
1266 4037 1370 4109 Ἀσίαν

267 4125 473 4212 στασιάζουσι,
500 4135 716 4199 rebellantibus
737 4143 771 4200 in
790 4143 883 4208 Asia.
927 4143 1038 4204 Verum
1061 4143 1136 4205 haec
1159 4145 1369 4208 aioommunis

268 4253 336 4296 cum
353 4239 476 4300 caeteris
484 4237 668 4319 Byzantinis.
688 4243 768 4304 Illud
782 4245 945 4328 peculiare,
960 4267 1072 4328 ponera
1086 4247 1271 4309 infinitivum
1288 4251 1370 4310 lutu-

265 4335 303 4414 ri,
324 4337 378 4398 ubi
394 4339 497 4402 aoristi
510 4343 560 4403 vel
570 4347 737 4426 praesentis
753 4358 921 4430 exspectes,
942 4349 1106 4432 praecipua
1117 4359 1188 4432 post
1201 4345 1371 4432 βούλεσθαι
