2994 4796
273 399 347 478 456
580 403 623 470 C.
639 403 680 470 Β.
701 399 820 472 HASII
837 399 991 472 NOTAE

273 553 1368 666 cmumcmucmmmmmumauem

272 655 308 718 A·
322 653 433 799 471655,
455 738 508 796 liu
530 733 579 802 14.
601 731 777 814 Imperator]
797 731 880 792 Haec
897 748 991 810 usque
1010 727 1049 790 ad
1067 728 1118 792 ab.
1138 725 1270 789 redeant
1283 747 1316 790 ν.
1330 747 1371 790 α

274 822 466 898 combefisio,
487 819 559 897 Pagi
571 819 621 879 lV.
637 826 667 887 9.

244 905 269 960 Ῑ)
357 905 435 970 Ibid.
457 905 511 969 lin.
535 909 583 969 16.
603 900 676 978 τοὸς
695 898 956 982 παραλειφθὸντας
983 894 1169 984 βαρβάρους]
1193 899 1243 958 Sic
1263 897 1371 979 scripsi

275 995 332 1078 p'ro
346 987 609 1074 παραληφθέντας,
632 987 713 1066 quod
729 1006 809 1046 uurrc
822 985 969 1066 poenitet:
991 1007 1059 1046 nam
1072 1005 1176 1060 sensu,
1197 1004 1287 1064 quem
1297 1003 1371 1044 ew

208 1123 210 1132 ·
273 1085 341 1140 tens
366 1076 511 1157 expressi,
533 1074 591 1131 Leo
612 1071 736 1132 dixisset
755 1069 1017 1153 περιλειφθέντας,
1038 1081 1073 1130 ut
1096 1077 1128 1138 ’1.
1148 1070 1299 1136 A.10.A.
1319 1072 1370 1133 16.

274 1166 310 1224 A.
332 1167 382 1230 89.
401 1163 435 1221 ὓ.
451 1164 501 1227 93.
516 1159 548 1216 G·
563 1163 614 1224 97.
632 1158 664 1219 G.
685 1161 754 1222 107.
769 1157 802 1214 Β.
817 1157 866 1214 vel
879 1156 1147 1234 καταλειφθέντας,
1168 1161 1200 1219 7.
1216 1154 1247 1212 C.
1265 1153 1316 1219 45.
1334 1153 1371 1212 Δ.

275 1249 374 1308 Voces
395 1241 568 1324 λειφθέντες
582 1251 614 1300 et
625 1239 792 1320 ληφθέντες
808 1259 898 1319 quam
920 1261 1004 1322 saepe
1023 1249 1246 1320 permutentur,
1270 1235 1371 1318 pluri-

274 1333 333 1393 bus
355 1333 636 1391 demonstraveruut
652 1325 712 1385 vin'
733 1325 910 1384 eruditionis
931 1327 1094 1404 exquisitae
1115 1322 1312 1384 Boissonadus
1332 1319 1372 1380 ad

276 1415 405 1478 Heraios
428 1412 600 1473 Philostrati
622 1415 693 1477 496.
714 1411 746 1470 G.
769 1420 799 1470 et
823 1409 997 1472 Schaeferus
1019 1411 1059 1471 ad
1087 1411 1209 1489 Gregor.
1234 1404 1370 1468 Corinth.

278 1502 350 1568 4⁵2
364 1501 443 1664 teng.
465 1581 514 1648 54.
537 1581 591 1643 ten.
607 1579 638 1645 4·
660 1571 757 1642 αὸτοῦ
769 1599 800 1641 τε
814 1580 986 1661 διεχείμαζε]
996 1579 1079 1639 Tarsi
1095 1575 1220 1655 obsidio,
1233 1575 1372 1658 Mopsue-
1491 1585 1492 1594 ³

279 1671 411 1751 stiaequs
424 1667 544 1727 Adanae
553 1675 582 1724 et
595 1663 765 1724 Anazarbae
779 1667 959 1744 expugnatio
974 1665 1114 1724 incidunt
1128 1665 1161 1722 in
1176 1683 1287 1722 armum
1297 1665 1372 1729 961.

280 1757 441 1899 cuiusllridt
443 1751 669 1896 aeddnliisensidl
677 1749 831 1899 scalpiteedh·
840 1751 943 1903 ditia
953 1747 980 1900 si1
981 1751 1048 1914 131}OE
1063 1749 1164 1910 liiii]
1185 1831 1233 1893 Ad
1246 1828 1372 1893 verbum

281 1857 764 2005 ammomumss
911 1859 950 1918 μ
1017 1858 1072 1920 w
1141 1881 1149 1902 '

728 2099 933 2118 m

650 2208 706 2276 IN
727 2207 929 2278 LIBRUM
947 2207 1005 2276 IV.

173 2361 204 2416 Ρ.
219 2361 273 2418 ate
372 2351 452 2429 Peg·
474 2348 524 2416 55.
547 2349 599 2406 liu
621 2347 650 2414 5.
673 2345 800 2425 esseest
825 2345 909 2427 βέλος
935 2339 1061 2426 κωφὸν]
1090 2340 1281 2403 eombsfisius
1300 2339 1376 2420 legit

282 2427 417 2512 τιονφὸν·
440 2433 532 2493 vertit
547 2434 595 2494 lV.
611 2439 667 2498 12:
688 2429 777 2489 troad
790 2451 877 2489 secus
890 2433 1003 2491 acleus
1018 2431 1119 2490 telum.
1145 2428 1204 2489 Sed
1218 2437 1264 2487 est
1276 2427 1376 2487 imita-
1491 2447 1493 2516 γ

283 2519 327 2578 tio
346 2517 469 2578 Homeri
488 2517 571 2579 lliad.
587 2523 627 2577 Λ.
644 2521 714 2582 890.
1492 2585 1493 2592 .

369 2604 448 2680 Pag.
470 2602 519 2667 56.
541 2603 595 2662 lin.
615 2603 652 2666 ’8.
673 2593 876 2680 ἐπαγόμενος]
905 2601 1031 2660 Multum
1048 2599 1213 2658 delectabar
1233 2597 1292 2654 Leo
1311 2591 1377 2653 hec
1492 2603 1493 2666 ξ

280 2685 392 2761 ¹verbo,
426 2685 545 2764 quando
571 2687 662 2745 duces
682 2685 846 2744 exercitum
875 2705 973 2745 secum
1003 2683 1182 2744 adducentes
1203 2681 1285 2741 lacit.
1326 2679 1377 2738 lta

283 2767 450 2875 ἐπάγεσθαι
472 2765 602 2850 δύναμιν
625 2775 674 2836 19.
694 2771 728 2828 Β.
750 2771 819 2868 lina
843 2774 892 2835 11.
914 2771 948 2830 l.
968 2775 1019 2836 96.
1035 2771 1069 2828 λ).
1091 2767 1262 2830 aasentias
1272 2763 1326 2830 24·
1337 2762 1375 2820 D·

285 2861 463 2998 supp
471 2855 542 3000 ’λλ
545 2854 1280 3020 '1diiidiiihil.{1⁹'sl3·l.⁵.tl'.l².·.l.¹i.2
1279 2850 1377 2994 l..

284 3021 572 3103 Hierosolymitanis.
606 3023 750 3104 Iosephus
762 3026 805 3083 De
816 3025 894 3084 bello
908 3023 973 3083 lud.
986 3029 1056 3090 914.
1072 3023 1107 3086 A.
1122 3019 1156 3086 τὸ
1171 3016 1281 3084 ναστὸν
1292 3014 1379 3096 ὕφος

282 3113 346 3170 τοῖν
367 3104 506 3189 πύργον·
527 3110 637 3169 ibidem
656 3110 688 3173 F.
711 3108 761 3171 ἒπλ
775 3103 992 3189 τεσσαράκοντα
1005 3103 1036 3170 δ’
1047 3101 1088 3188 ἦν
1104 3103 1138 3170 τὸ
1154 3102 1265 3170 ναστὸν
1280 3098 1379 3166 αὐτοῦ

283 3186 382 3271 ὕψος·
404 3203 456 3252 aut
469 3199 541 3260 767.
556 3196 592 3258 G.
607 3190 738 3256 πατιὸὸν
757 3199 833 3276 γοῦν
847 3188 923 3270 τό,τε
943 3188 1054 3255 ναστὸν
1077 3186 1176 3254 αὐτῶν
1192 3186 1284 3267 ὕψος.
1326 3185 1380 3246 Βῖ-

285 3277 366 3338 citur
379 3287 477 3338 autem
490 3275 594 3353 ναστὸς
606 3280 755 3357 eleganter
768 3279 805 3336 da
820 3278 979 3338 structuris
995 3277 1101 3356 plenis,
1121 3275 1181 3336 hoc
1197 3284 1250 3351 est,
1266 3274 1299 3332 in
1312 3272 1380 3354 qui-

255 3361 339 3422 ebus
354 3363 453 3422 nullae
473 3365 613 3423 cavitates
633 3363 958 3442 concamarationesque
971 3361 1041 3423 sint.
1082 3361 1163 3420 Idem
1179 3357 1319 3440 Iosephus
1334 3357 1379 3416 lle

283 3445 364 3506 bello
385 3446 449 3507 lud.
466 3452 537 3513 914.
559 3449 594 3509 G.
615 3447 633 3512 ὸ
651 3445 684 3510 δὲ
707 3448 805 3528 τρίτος
822 3443 957 3527 πύργος.
972 3491 980 3507 .
996 3442 1148 3528 μέγριμὲν
1164 3447 1256 3508 εἴκοσι
1271 3445 1379 3523 scepeie

282 3527 389 3604 ναστὸς
398 3523 448 3611 ἦν.
477 3531 647 3612 ibidemque
660 3533 732 3598 747.
744 3533 777 3590 F.
790 3531 821 3590 in
834 3541 926 3611 portu
942 3529 1124 3591 Caesariensi
1136 3525 1253 3612 πύργον
1266 3523 1380 3592 ναστὸν

271 3613 373 3673 ‚fuisse
386 3615 500 3682 scribit.
545 3618 586 3676 lle
601 3616 696 3675 ianuis
712 3616 807 3675 auras
825 3619 854 3675 S.
869 3617 992 3676 loannes
1009 3614 1238 3696 Chrysostomus
1251 3615 1294 3672 De
1307 3611 1381 3672 edu-

284 3695 388 3758 candis
401 3699 502 3760 liberit
514 3703 565 3767 36.
583 3701 614 3768 G.
626 3697 696 3774 dioc
707 3695 750 3763 δι’
766 3695 838 3763 ὅλον
853 3695 912 3765 eiad
924 3706 1038 3784 χρυσοῦ
1049 3694 1301 3774 πατασκενᾶσθαι,
1321 3719 1381 3759 πα-

282 3785 364 3863 γελας
384 3782 437 3846 καλ
457 3780 577 3860 ναστὸς.
618 3785 709 3858 Quod
730 3781 798 3844 idei
813 3805 933 3863 moneo,
957 3787 1026 3865 quia
1041 3785 1075 3844 in
1093 3784 1278 3860 Timarione,
1297 3781 1382 3842 inter

282 3867 410 3928 Notitiae
431 3869 525 3928 Codd.
539 3891 609 3929 mss.
625 3869 825 3930 Bibliothecae
841 3871 909 3948 Ileg.
923 3881 997 3930 tom.
1013 3871 1200 3950 lx.psrt.1t.
1216 3889 1234 3927 a
1249 3887 1296 3926 me
1310 3865 1382 3927 edi-

269 3961 333 4034 ¹to,
354 3973 386 4033 p.
412 3959 481 4020 196.
503 3951 557 4014 lin.
577 3955 694 4034 penult.
714 3954 748 4013 ia
766 3955 865 4014 verbis
884 3960 928 4042 τῷ
942 3955 1042 4040 λαστρῖ
1054 3959 1109 4036 τῆς
1126 3948 1382 4034 σφνρηλαττξσεως

281 4036 444 4114 legendum
462 4047 508 4098 est
525 4043 641 4102 ναστοῖ·
668 4039 751 4119 quod
766 4049 907 4099 annotare
920 4050 996 4100 tunc
1015 4039 1140 4118 neglexi.
1177 4039 1288 4099 Confer
1306 4039 1383 4098 item

281 4121 402 4180 Salmas.
417 4121 456 4180 ad
470 4123 563 4183 Solia.
579 4103 689 4191 [768.
705 4125 794 4183 1.-
807 4123 833 4185 Α
847 4121 953 4198 ναστὸς
965 4124 1015 4184 vel
1027 4123 1129 4206 potius
1145 4144 1162 4182 a
1176 4118 1279 4187 acideo
1294 4121 1382 4184 deri-

279 4214 370 4267 vatur
381 4224 444 4267 vox
454 4201 563 4290 stippa,
579 4217 706 4268 stratum
718 4207 870 4288 lapideum
886 4209 1025 4285 solidum,
1041 4227 1101 4289 quo
1116 4209 1218 4268 littora
1233 4219 1285 4268 aut
1295 4207 1383 4288 ripae

281 4289 423 4351 adversus
442 4291 505 4352 vim
527 4313 671 4373 aquarium
692 4293 880 4371 vestiuntur,
902 4291 1033 4373 crepido.
1071 4293 1213 4375 Iosephus
1238 4293 1280 4353 Ile
1295 4291 1384 4354 bello

279 4374 346 4442 lud·
367 4377 439 4445 747.
460 4376 495 4439 Ε.
512 4374 548 4443 τὸ
568 4374 627 4460 πρὸ
648 4371 752 4442 αὐταῖν
775 4381 839 4442 πᾶν
859 4373 960 4463 adstes
982 4373 1082 4460 νάγμα
1098 4385 1162 4454 τοῖς
1177 4373 1384 4459 ἀποβαίνωσι
