2956 4800
555 321 813 442 emersum.
1138 383 1199 432 m

120 531 159 614 (ιι
177 535 224 599 23.
243 532 277 596 l)
297 533 347 600 24.
364 531 431 615 Its)
454 531 578 606 deinde,
598 530 680 592 idem
698 491 894 611 vocabulum,
914 530 1028 612 aliquot
1043 532 1157 594 lineis
1147 555 1197 596 m-

118 635 241 712 tesiectis,
259 635 412 695 libenter
404 635 515 696 iterari.

189 737 260 800 vllt
283 735 369 812 Dixi,
392 735 580 795 criminosius
592 736 732 812 fortasse,
760 755 837 816 quae
852 727 1004 818 inheone
1023 738 1124 818 culpet
1139 739 1197 798 ali-

116 839 187 920 quis:
206 859 263 898 nec
279 839 413 918 prolecto
434 858 488 916 ego
513 837 640 916 issum,
663 837 716 917 qui
728 838 832 897 laudes
845 839 1002 918 scriptoris
1022 840 1196 920 cuiuspiam,

116 943 157 1010 cai
167 942 336 1016 studuerim,
359 941 429 1019 plus
446 961 535 1020 qaam
550 939 621 998 satis
637 939 678 998 sit
695 939 861 1012 decantem.
903 941 989 1000 Nunc
1002 963 1129 1021 aequum
1143 953 1197 1019 est,

114 1064 177 1123 qaas
190 1043 225 1103 ab
247 1044 303 1104 illo
320 1043 449 1118 facient,
470 1043 542 1102 item
557 1049 738 1104 enumerare.
784 1042 825 1102 Ac
840 1042 940 1123 primo
959 1043 1077 1122 quidem
1089 1065 1197 1122 magna

113 1155 149 1205 est
164 1147 266 1206 Leonis
286 1143 522 1218 commendatio,
545 1143 625 1224 quod
646 1165 721 1223 quae
738 1141 809 1225 'ipse
823 1143 934 1206 viderit
948 1145 1057 1204 litteris
1071 1145 1195 1204 manda-

112 1245 156 1322 rit,
174 1245 386 1324 habendasque
401 1256 446 1305 est
461 1247 541 1304 inter
555 1247 715 1327 scriptores
730 1247 814 1325 illos,
836 1247 917 1306 unde
933 1247 1002 1322 alii,
1025 1246 1077 1328 qui
1093 1256 1197 1327 poste·

110 1346 167 1408 rius
175 1349 312 1423 luerunt,
335 1347 419 1426 quasi
444 1367 460 1406 e
474 1349 558 1407 lente
574 1349 730 1430 capiteque
744 1351 929 1412 narrationes
946 1369 1047 1410 rerum
1062 1349 1196 1408 deduxe-

109 1459 178 1513 rant.
219 1451 272 1510 Sic
287 1451 448 1530 Scylitzam
464 1459 633 1510 mutuatum
651 1453 761 1512 csseab
775 1455 979 1514 Leonemulta
994 1445 1242 1518 demonstravit'⁸
1261 1465 1285 1518 Χ

109 1549 136 1608 ia
151 1552 242 1612 natis.
264 1573 282 1611 a
303 1554 436 1632 Scylitze
458 1564 557 1613 autem
579 1555 678 1614 omnia
699 1556 821 1622 nsinima
838 1559 967 1616 maxima
987 1555 1125 1614 sumsisse
1139 1555 1196 1614 Ce-

109 1651 219 1714 drenum
230 1663 339 1717 notum
354 1641 407 1720 est.
451 1656 621 1716 Zonaram'
612 1667 684 1718 stein
699 1678 786 1718 usum
800 1678 863 1718 esse
877 1658 1009 1718 Historia
1022 1659 1130 1718 Leonis
1146 1679 1197 1718 ar-

109 1752 205 1816 bitror:
198 1757 285 1819 ·vid.
298 1757 432 1836 Ducang.
445 1759 482 1817 ad
496 1759 602 1820 Zonar
614 1761 649 1822 ll.
668 1766 740 1828 107.
755 1761 790 1818 Β.
810 1758 930 1836 Papium
947 1779 1065 1838 quoque
1079 1780 1118 1819 ex
1135 1781 1197 1820 no-

108 1865 160 1916 stra
181 1879 244 1918 non
264 1880 365 1940 pauca
388 1861 522 1920 ridemus
546 1862 733 1939 emendasse,
755 1881 772 1918 a
792 1858 1010 1920 recentioribus
1032 1861 1198 1922 iuratione

108 1967 261 2042 temporum
285 1962 473 2038 conturbata.
489 2033 490 2038 ἵ
517 1961 561 2022 lta
581 1962 618 2020 ab
633 1961 690 2020 hac
704 1971 791 2042 perte
803 1983 865 2027 non
877 1961 1040 2022 iniucunda
1060 1963 1117 2022 erit
1129 1971 1198 2022 stu-

109 2061 185 2123 diosis
201 2063 417 2143 historicisque
434 2063 605 2124 hominibus
628 2064 811 2144 comparatio
833 2063 988 2144 scriptoris
1010 2063 1108 2126 nostri
1127 2085 1196 2124 cum

108 2163 221 2245 reliquis,
239 2167 295 2247 qui
310 2166 413 2225 eadem
425 2166 624 2228 tradiderunt.
657 2165 759 2246 Neque
774 2177 860 2246 neget
875 2167 1040 2248 quisquam,
1062 2187 1110 2228 res
1123 2175 1197 2248 post

109 2265 206 2328 obitam
228 2268 361 2346 Romani
380 2269 511 2329 lanieris
531 2269 563 2328 in
578 2268 646 2350 sula
658 2278 752 2347 gestas
770 2267 840 2352 (19.
855 2269 887 2330 Β.
901 2266 984 2351 sq.),
1004 2271 1196 2332 rebellionem

108 2365 199 2430 Leonis
221 2371 424 2450 Curopalatas
440 2367 511 2455 (90.
525 2366 597 2453 ah),
619 2369 696 2428 bella
710 2370 871 2434 Tsimiscae
890 2393 943 2452 per
958 2371 1110 2434 Orientem
1123 2369 1195 2458 (99.

107 2467 135 2530 h
156 2467 240 2558 sqq.)
263 2473 423 2534 commode
443 2473 549 2534 abillo
574 2473 700 2554 exponi,
721 2473 835 2534 bellum
852 2473 1196 2554 Sphendosthlsbisnum

107 2569 161 2632 luae
173 2595 296 2656 quoque
309 2595 345 2635 sc
357 2577 522 2654 diligenter.
567 2577 609 2636 De
622 2575 791 2658 Nicephorc
806 2576 932 2656 periurii
945 2597 997 2638 rec
1010 2579 1061 2646 25.
1076 2580 1109 2638 D.
1124 2581 1195 2642 satis

107 2691 196 2753 magna·
216 2677 376 2756 libertate,
399 2679 435 2738 de
451 2678 596 2740 Teimisce
612 2677 702 2738 huius
719 2698 894 2758 percussore
909 2699 1011 2739 severe
1030 2689 1060 2740 et
1075 2683 1196 2745 sortiter

55 2831 59 2841 ,
108 2778 227 2858 scripsit,
250 2789 291 2838 ut
307 2779 458 2840 hominem
473 2781 548 2840 recti
562 2779 740 2859 honestique
755 2778 922 2840 studiosum
941 2781 1031 2842 facile
1045 2803 1195 2861 agnoscas.

107 2879 226 2962 Bessique
246 2886 394 2958 Leonem,
415 2869 599 2962 temporibus
626 2883 741 2942 miseris
765 2891 796 2940 et
817 2882 911 2941 caecis
930 2883 965 2942 ad
987 2881 1144 2946 historiam
1164 2907 1196 2948 ss

108 2986 314 3060 malerentem,
336 2983 439 3062 inique
460 3004 612 3065 compares
637 3004 703 3042 cum
724 2983 1120 3064 prsinunciatoribusrerum
1140 3009 1195 3068 ge-

108 3091 205 3146 starum
224 3088 354 3150 florente
377 3087 515 3163 Graecia,
546 3086 616 3166 qui,
639 3075 823 3146 curriculum
841 3087 921 3146 nacti
941 3075 1077 3168 felicius,
1105 3112 1194 3151 aures

108 3187 236 3249 erationis
256 3189 400 3246 facultate
414 3189 478 3266 usi,
499 3189 558 3248 toti
570 3194 716 3248 terrarum
729 3187 795 3250 orbi
810 3197 899 3269 atque
914 3191 1051 3250 omnibus
1067 3191 1195 3254 saeculis

108 3289 276 3373 cognitionis
295 3299 324 3348 et
342 3234 527 3370 eloquenlias
548 3291 708 3352 clarissima
722 3289 836 3353 lumina
848 3291 1009 3351 accendere
1020 3303 1194 3372 potuerunt.

107 3383 200 3448 lloster
212 3391 344 3467 iudicio
368 3393 520 3451 doctrina'
511 3413 644 3472 genere
658 3392 776 3452 dicendi
784 3412 984 3471 exprimere
999 3394 1102 3453 debuit
1117 3404 1195 3454 tem

107 3506 203 3566 porum
221 3514 348 3554 suorum
367 3495 533 3574 imaginem.
571 3489 784 3576 Quapropter,
805 3493 895 3553 modo
914 3495 1012 3554 lucem
1032 3497 1123 3556 addat
1139 3519 1195 3558 rsa-0

108 3587 152 3648 bas
171 3613 203 3651 ea
226 3603 323 3654 aetate
346 3598 434 3676 gestis
456 3593 558 3681 (quod
576 3586 724 3676 prolecto
738 3595 845 3674 lacit),
869 3595 955 3656 facile
975 3599 1103 3658 feramus
1127 3591 1214 3659 eum‘
1292 3631 1298 3644 ·

108 3696 272 3774 cacologiae
290 3695 379 3758 fidem
401 3699 538 3759 habuisse
562 3699 632 3764 104.
648 3699 681 3757 C.
697 3697 830 3774 exiguam
846 3699 1042 3779 geographiae
1058 3703 1195 3764 notitiam

107 3797 221 3870 Pmdere
240 3803 291 3864 80.
313 3800 358 3862 A:
369 3801 511 3862 historiae
534 3804 643 3864 veteris
659 3809 709 3870 92.
726 3803 758 3864 D.
770 3833 812 3845 -
826 3801 941 3880 Polybii
962 3822 1085 3865 acumen
1101 3801 1194 3863 mira—

108 3914 181 3974 mur,
202 3901 357 3962 Plutarchi
371 3903 501 3984 litteras,
524 3907 646 3992 copiam,
656 3903 822 3966 Strabonis.
868 3903 927 3980 Qui
942 3906 1020 3968 tanti
1034 3905 1092 3964 viri
1107 3915 1195 3984 atque

108 3998 182 4077 tales,
195 4003 350 4082 praesidiis
360 4007 520 4086 sapientiae
536 4006 740 4087 circumsepti,
751 4005 777 4068 si
792 4025 906 4065 errores
922 4005 1078 4086 deponere,
1091 4007 1195 4087 lapsus

109 4099 192 4162 vitare
209 4126 312 4165 amnes
333 4127 397 4166 non
415 4117 595 4188 potuerunt,
617 4109 687 4188 quis
707 4117 769 4171 tam
786 4093 871 4166 rudis
887 4115 932 4168 est
946 4116 1115 4190 temporum
1128 4110 1195 4190 ay.

29 4189 34 4200 ²
109 4197 284 4276 munorum
291 4256 301 4289 ,
322 4211 375 4291 qui
387 4212 516 4271 Leonem
539 4211 572 4270 id
590 4209 726 4296 potuisse
749 4207 859 4290 putet?

124 4375 128 4384 ,
181 4311 233 4388 IX.
252 4314 343 4376 Hunc
353 4312 456 4398 igitur,
466 4313 521 4376 ills
530 4313 645 4376 virtute
655 4309 811 4396 historica,
824 4329 1020 4394 quaecunque
1031 4321 1087 4390 est,
1108 4331 1195 4396 prae·
