3038 4796
315 343 392 420 eoo
528 309 560 324 ¹'
649 297 1060 454 narniense

316 519 389 588 7⁵3.
402 516 437 580 A.
453 517 561 581 Paulus
576 515 796 580 Alexandrinus
814 516 994 600 Apoteleem.
1009 519 1061 587 54.
1074 517 1110 584 A.
1128 519 1253 582 Ioannes
1264 518 1395 602 Philopo-

316 623 375 665 nus
394 605 438 663 De
457 605 607 665 creatione
628 604 749 682 mundi,
772 609 846 672 208.
870 606 903 667 B.
925 605 1143 686 Polychronius
1160 607 1196 666 ln
1214 606 1343 681 lercium,
1362 605 1394 667 ll.

315 691 387 756 858.
403 689 438 751 A.
454 690 507 754 iro
521 693 611 753 ἰοιῖιο
626 684 910 770 προουιιαιιοόηται,
933 702 968 749 ut
982 692 1041 749 boo
1055 690 1273 753 subaudiatur.
1313 690 1395 749 Euse-

314 773 381 834 bius
397 777 592 836 Commentar.
616 775 650 834 in
668 775 812 848 Psalmoa,
834 777 856 836 1.
878 775 929 842 48.
944 777 979 836 A.
997 771 1291 859 προσυπακουόντων
1308 772 1395 856 ἡμῶν,

312 854 368 922 τόν
384 854 520 940 Κύριον,
542 857 684 922 rainneri
702 865 809 923 κοινοῦ
828 853 921 922 πόλιν
939 859 1155 942 λαμβανόντων
1168 858 1206 924 τό
1228 861 1310 939 ἑξῆς·
1330 877 1394 937 quae

311 941 561 1005 Montelalconius
576 945 790 1006 vocabulorum
805 944 1012 1006 technicorum
1025 948 1141 1007 inscitia
1156 947 1231 1006 mire
1244 947 1287 1006 aio
1302 941 1395 1005 reddi-

311 1029 373 1090 dit:
398 1031 527 1105 Ouinoe
538 1029 769 1111 respondemur,
788 1030 947 1090 Dominum
961 1053 1023 1091 non
1035 1034 1269 1106 invocaverunt,
1289 1041 1316 1086 et
1327 1035 1395 1108 qaae

312 1128 484 1194 sequuntur
497 1120 531 1175 ιἰι
544 1119 695 1175 communi
707 1119 893 1194 accipimus:
915 1127 1076 1197 notamque
1091 1118 1224 1177 addidit:
1249 1119 1394 1194 Προουιιο·

283 1197 434 1277 exoritur,
462 1201 498 1260 id
519 1214 577 1277 est,
605 1199 788 1280 respondere.
841 1203 958 1261 Atenirn
979 1223 1081 1262 sensus
1103 1203 1163 1262 loci
1185 1211 1248 1260 est:
1277 1197 1346 1258 adso
1364 1205 1394 1254 rt

312 1285 542 1344 subaudiamus
557 1288 731 1355 Dominum,
756 1298 784 1344 et
796 1309 852 1365 per
864 1289 1008 1368 figuram
1032 1311 1127 1368 quam
1149 1297 1258 1347 uocant
1281 1307 1301 1342 ιι
1322 1302 1393 1341 corn·

311 1375 398 1430 muni
418 1392 609 1430 recrearemur
631 1395 710 1451 quoe
732 1384 911 1452 sequuntur.
953 1374 1034 1432 Haec
1056 1375 1120 1434 dixi
1142 1373 1260 1450 longius
1283 1371 1393 1428 sortasse

311 1475 399 1536 quarn
416 1457 575 1530 attinebat,
599 1459 680 1537 quod
697 1458 873 1535 interpretes
889 1460 1058 1538 caeteroqui
1075 1459 1178 1517 doctos
1200 1458 1296 1515 minua
1313 1450 1392 1512 intel·

310 1543 417 1603 lexisse
430 1543 520 1602 verba
535 1563 568 1600 ea
590 1541 667 1602 ridi:
690 1543 890 1623 opportunior
901 1542 1073 1602 huiusmodi
1087 1565 1135 1604 res
1153 1538 1341 1623 persequendi
1350 1537 1391 1594 lo·

312 1647 365 1686 cus
385 1627 443 1686 erit
469 1627 501 1686 in
522 1628 672 1687 Glossario
695 1649 805 1688 vocum
834 1649 850 1686 a
878 1628 1046 1706 scholiastis
1068 1625 1393 1699 commentatoribusque

312 1713 432 1773 Graecis
444 1713 587 1792 peculiari
600 1733 690 1773 sensu
702 1723 927 1791 usurpatorum,
950 1715 1101 1794 quodiam
1120 1715 1233 1793 pridem
1247 1713 1391 1788 inceptum,

311 1799 432 1879 quando
448 1817 496 1858 res
509 1819 590 1858 meae
607 1799 734 1860 siverint
750 1800 901 1876 editurus,
923 1809 957 1859 ut
972 1799 1008 1860 ab
1022 1800 1147 1860 eruditis
1163 1797 1306 1880 probetur
1319 1788 1393 1853 valde

309 1893 392 1964 opto.

394 1972 474 2050 Pag·
489 1969 518 2036 5·
540 1970 594 2031 lin·
612 1975 640 2038 1·
661 1962 816 2053 όναλόγως
829 1966 862 2032 δὲ
875 1973 930 2034 τοῦ
942 1968 1088 2051 μεγέθους
1101 1974 1163 2034 τῶν
1177 1955 1393 2052 σομβεβηκόῑϋΰ

311 2051 443 2134 inicias]
465 2055 508 2113 Ad
521 2056 645 2114 verbum
658 2057 718 2116 lere
728 2077 765 2115 ex
781 2054 914 2134 Agathia,
930 2061 959 2122 5.
971 2057 1002 2115 C.
1019 2061 1075 2119 τοῦ
1085 2056 1299 2139 μεγέθοοςτοίν
1313 2048 1392 2127 ἔργον

311 2137 353 2214 air
365 2133 512 2222 ἐγγυτάτω
524 2139 660 2203 ἱκέσθαι·
674 2143 754 2200 unde
763 2140 1077 2222 similiterXiphilinus
1085 2142 1121 2200 ln
1130 2141 1327 2200 adorationem
1336 2147 1392 2228 cru·

311 2224 354 2284 cis
368 2231 439 2292 469.
456 2227 488 2286 A.
505 2219 657 2308 όναλόγως
671 2232 727 2290 τοῦ
740 2227 887 2308 μεγέθους
896 2231 952 2307 τῆς
965 2225 1138 2300 ὑποθέσεως
1152 2227 1275 2288 ἱκέσθω.
1293 2215 1393 2281 ’Audu-

309 2333 369 2392 γως
384 2311 488 2370 inclina
502 2313 686 2371 construitur
705 2333 773 2372 cum
789 2312 907 2386 dativo,
931 2321 965 2370 ut
981 2312 1060 2392 apud
1078 2311 1269 2372 Plutarchum
1284 2308 1321 2364 lle
1335 2299 1391 2380 plt-

309 2394 377 2454 citis
398 2393 567 2475 philosoph.
580 2401 652 2462 896.
669 2398 702 2456 B.
719 2391 874 2477 όναλόγως
887 2399 927 2479 τῇ
947 2402 1003 2458 τοῦ
1017 2393 1129 2470 παντός
1144 2392 1282 2477 ου’ρανοιῖ
1293 2385 1390 2480 tutio?

307 2478 482 2563 διῃρῆσθαι.
529 2481 570 2538 lle
594 2483 709 2540 animae
730 2491 879 2560 procreat·
902 2485 990 2548 1022.
1019 2484 1053 2540 Α.
1074 2482 1149 2540 ltern
1171 2485 1201 2546 S.
1224 2473 1390 2560 Epiphtssffl'

306 2563 458 2623 Adversus
474 2564 587 2634 haeres.
607 2566 626 2626 l.
642 2569 713 2631 951.
731 2567 802 2632 955.
824 2567 854 2624 C.
877 2570 950 2632 970.
971 2569 1001 2625 Β.
1018 2565 1183 2626 Antiochus
1196 2563 1303 2626 Hamil.
1319 2549 1388 2615 XXI·

277 2647 346 2709 Dde
359 2649 546 2727 virginitate.
568 2655 660 2717 1061.
683 2652 713 2709 G.
755 2651 844 2730 Apud
861 2652 1005 2729 quosdam
1022 2661 1122 2710 tamen
1141 2651 1317 2714 recentiores
1331 2653 1389 2698 cum

307 2733 456 2811 genitivo,
487 2735 574 2794 velut
596 2734 648 2793 hic
669 2737 701 2794 in
724 2737 838 2810 Leone,
870 2739 901 2796 in
923 2736 1141 2817 Xiplrilinoque
1165 2739 1254 2798 niodo
1274 2727 1388 2814 laudate·

308 2819 376 2898 lpse
390 2819 592 2899 Epiphanius,
615 2821 686 2888 953·
707 2822 739 2881 Ι).
755 2815 911 2901 όναλόγως
922 2827 977 2902 τῆς
992 2817 1087 2885 edroi
1105 2816 1200 2898 όξλας.
1241 2819 1317 2880 ldem
1331 2804 1389 2912 'Phl-

306 2903 432 2983 lopatria
452 2905 573 2967 Luciani
588 2906 637 2967 lll.
662 2911 799 2974 609.10.
821 2904 858 2969 rol
874 2906 946 2987 χρέα
965 2901 1233 2988 πληθυνθήσεται,
1254 2897 1389 2974 rival-⁰7⁰³?

306 2993 362 3068 τῆς
378 2984 559 3065 ἀποδόσεως·
587 2992 640 3051 ubi
653 2993 717 3052 sine
736 3012 839 3069 causa,
862 2995 987 3072 opinor,
1010 2995 1158 3054 Gesnerus
1175 2990 1337 3072 suspicatur¹
1350 2977 1388 3034 ¹⁰·

307 3077 437 3153 gendum
453 3071 512 3139 e’vri
536 3073 628 3160 λόγον
642 3081 696 3157 τῆς
711 3071 762 3140 αἰι.
805 3079 984 3160 Plerumque
1004 3087 1104 3138 tarnen
1125 3071 1278 3157 α’ναλόγως
1295 3065 1389 3162 ,dper-

307 3160 426 3221 bialitor
440 3162 576 3242 ponitur,
600 3163 711 3240 absque
728 3181 813 3224 cassu
843 3164 929 3224 velut
948 3165 1030 3244 apud
1048 3167 1076 3227 S.
1095 3165 1229 3224 Marcum
1245 3157 1386 3240 Eremtlss}¹

306 3243 349 3304 lle
364 3247 428 3324 lege
444 3247 609 3326 epirituali,
633 3252 705 3313 878.
723 3247 757 3306 Α.
775 3249 807 3310 οἱ
822 3255 1029 3329 πνενματικῶς
1051 3243 1143 3312 αόιόν
1158 3249 1265 3329 [nemp.
1281 3233 1332 3330 τόν,
1346 3248 1387 3290 ⁰⁰·

305 3330 376 3411 μον]
393 3331 579 3406 λιιιελοῦντες
589 3331 641 3395 καλ
655 3327 809 3414 όναλόγως
820 3339 875 3415 τῆς
882 3329 999 3415 γόριτος
1013 3333 1189 3416 μετέχοντες.
1232 3329 1386 3416 Quffljl'ff'v

305 3425 336 3473 et
348 3437 422 3494 quae
442 3427 624 3496 sequuntur,
647 3419 839 3478 surcarias
857 3421 1019 3499 Aegyptius
1038 3421 1078 3480 ud
1095 3421 1220 3480 verbum
1236 3401 1387 3494 menpttb

305 3499 418 3561 Hamil.
435 3503 588 3563 xxxvlt.
633 3505 674 3562 lla
698 3505 854 3584 paradiso,
876 3507 948 3570 433.
973 3506 1010 3568 A.
1025 3505 1100 3564 ltem
1119 3505 1182 3564 sine
1204 3519 1273 3561 casu
1297 3484 1388 3552 dvfll‘l·

304 3609 366 3695 γως
380 3596 424 3646 est
437 3590 517 3668 apud
540 3587 723 3668 Stephanum
738 3590 862 3668 Byzant
888 3592 929 3648 lle
947 3589 1010 3650 urb.
1033 3591 1065 3653 B.
1092 3593 1164 3655 881.
1185 3587 1239 3648 sub
1261 3599 1290 3642 v.
1304 3566 1386 3668 'silli'

312 3673 480 3752 Οιιολόιης
498 3667 558 3736 rino*
572 3671 760 3754 τῆςἭλιόος
778 3677 898 3757 γενικῆς
920 3669 1072 3756 ἀναλόγως
1084 3669 1237 3748 Ἠλίιλειος.
1277 3661 1387 3720 Ullum*
1423 3743 1426 3754 .

305 3755 369 3816 scio
385 3757 458 3836 quid
473 3757 505 3816 in
527 3769 655 3818 mentem
669 3760 785 3819 venerit
800 3759 954 3836 Berkelio,
979 3760 1206 3839 interpretanti:
1229 3751 1303 3812 ciuis
1316 3750 1387 3813 ⁰8*

302 3844 403 3902 nitiva
412 3839 536 3917 Ἤλιδος
546 3855 667 3922 praeter
678 3847 828 3904 rationem
838 3840 991 3918 Ἠλόὸειος.
1033 3844 1277 3906 traducendam.
1295 3835 1388 3886 “⁶¹¹⁴’‘

304 3925 381 3986 dum
394 3929 560 4010 eomlogiae
570 3933 727 3995 rationem.
772 3931 888 3990 Addam
904 3951 995 4010 porro
1008 3927 1069 4006 hic,
1088 3930 1156 3990 data
1169 3921 1325 3989 occasiones
1344 3917 1387 3978 'l'

303 4031 450 4092 nonymas
471 4016 587 4092 aliquot
608 4015 752 4096 loquendi
776 4017 920 4076 formulae
932 4061 940 4091 ,
963 4036 1037 4094 quas
1055 4015 1130 4075 viris
1149 3996 1387 4108 eximicGrtffm

302 4097 423 4178 linguae
445 4100 553 4180 peritia
576 4102 731 4162 instructis
754 4101 863 4180 passini
885 4100 986 4162 fraudi
1005 4102 1137 4163 fuerunt.
1180 4101 1238 4160 Pro
1253 4083 1389 4161 alumi*

184 4191 217 4248 Ρ.
235 4193 287 4251 188
303 4182 398 4261 igitur
423 4185 531 4245 Graeci
555 4186 678 4247 dicunt:
702 4191 737 4262 ,1.
759 4181 919 4268 Ἀνόλογον
946 4185 1175 4262 adverbialiter,
1204 4171 1282 4262 quod
1301 4168 1341 4223 est
1359 4163 1388 4208 ¹1¹

300 4270 408 4348 vulgus
423 4280 545 4348 notum,
567 4291 643 4351 aque
657 4270 811 4352 Stephano
824 4272 885 4330 iarn
896 4271 930 4331 in
941 4269 1092 4332 Thesauro
1105 4270 1291 4330 illustratum·
1318 4239 1388 4372 '0⁰²

300 4355 395 4436 magis
414 4356 520 4418 mirari
541 4356 616 4419 lieet
637 4357 672 4416 in
694 4377 730 4416 eo
750 4358 898 4419 vertendo
927 4377 1041 4420 errasse
1063 4355 1206 4420 lluetium
1228 4335 1373 4410 01008οη
