2994 4806
238 324 313 400 136
614 331 770 403 LEONIS
789 333 971 404 DIACONI

78 511 104 561 Α.
117 511 151 562 Μ.
164 507 295 568 648ονου
316 503 361 594 τῶ
382 492 509 585 δόρατι,
543 497 624 564 παίει
644 496 725 564 κατά
744 503 801 564 coi
823 495 982 574 τένοντος·
1016 493 1234 585 ἀπαραχθεῖσα
1257 495 1335 584 eiiii

108 581 160 632 Μ’
172 581 206 635 ¹⁵
239 603 355 691 κεφαλὴ
369 600 426 666 σδν
439 609 478 689 τῇ
498 597 610 684 κόρυθι
622 597 680 679 ἔξω
694 607 799 686 τειχῶν
813 600 890 688 πρὸς
903 601 1018 688 iliaque
1032 602 1238 688 ἐσφαιρίζετο·
1257 597 1335 668 Ῥω-

239 717 326 791 μαῖοι
348 705 382 770 δέ
398 710 442 792 τῷ
455 710 550 792 καινῷ
566 709 622 769 τοῦ
638 701 796 790 δράματος
817 701 1028 787 ἐπηλάλαξαν,
1064 705 1114 768 καί
1141 705 1247 786 συχνοί
1275 708 1333 770 cuii

153 879 154 884 ,
239 805 370 894 πράτως
384 805 570 883 ἀνελθόντος
583 803 701 889 τόλμαν
717 802 920 890 ζηλώσαντες,
950 805 1001 870 διά
1015 811 1078 870 τῶν
1093 803 1247 888 κλιμάκων
1262 805 1334 870 ἀνί-

239 918 326 976 θεον.
361 905 427 974 ὅδέ
439 906 660 993 Μεσονάκτης,
688 909 750 973 ἐπεὶ
765 915 820 974 τοῦ
834 911 951 992 τείχους
964 908 1073 992 ἐπίβη,
1102 911 1154 972 καὶ
1169 915 1225 991 τῆς
1239 906 1361 973 ἐπάλ-5
1433 937 1438 954 ,

240 1017 314 1090 ξεως
329 1011 477 1098 ἐγκρατὴς
500 1011 662 1097 ἐξεγένετο,
690 1013 850 1086 πλείστους
870 1017 933 1077 τῶν
956 1010 1154 1094 ἀμυνομένων
1170 1007 1246 1086 Ῥῶς
1267 1012 1334 1074 ἐπι-

239 1113 420 1203 στροφάδην
438 1111 581 1198 πλήττων
603 1121 665 1180 τῶν
682 1120 788 1196 τειχῶν
809 1111 1031 1199 κατεκρήμνιζε.
1075 1120 1195 1178 θᾶττον
1219 1113 1253 1176 δέ
1278 1136 1336 1177 συ-

145 1214 179 1273 Ρ·
193 1215 228 1272 84
241 1225 325 1302 χνῶν
344 1215 514 1299 ἑκασταχοῦ
538 1221 601 1282 τῶν
622 1215 791 1303 περιβόλων
804 1213 1017 1298 ἀνελθόντων,
1040 1217 1111 1280 ‘nni
1125 1217 1216 1280 παντὶ
1233 1215 1337 1280 σθένει

240 1320 315 1396 τοδς
336 1321 492 1394 ἐναντίους
511 1316 790 1406 ἀποσφαττάυτων,
826 1319 883 1395 τὰς
906 1316 1040 1396 ἐπάλξεις
1060 1315 1276 1392 καταλιπόντες
1306 1317 1337 1384 οἳ

242 1420 383 1502 Σκύθαι,
418 1423 449 1498 ἐς
468 1419 526 1506 τὴν
545 1423 700 1504 βασίλειον
725 1422 823 1506 αὐλὴν
830 1471 841 1502 ,
876 1424 986 1505 τειχίον
1010 1421 1118 1508 ἐχυρὸν
1140 1419 1334 1503 κεκτημένην,
1346 1433 1380 1488 10

244 1525 277 1590 ἐν
295 1515 316 1611 ᾖ
337 1525 389 1589 καὶ
410 1520 427 1589 ὃ
449 1529 588 1600 πλοῦτος,
602 1529 730 1600 Μυσοῖς
752 1523 920 1590 ἐναπέκειτο
929 1575 941 1606 ,
977 1523 1091 1600 ἀκλεῶς
1115 1520 1335 1606 σονῶσθησαν,

242 1629 356 1693 πυλίδα
378 1627 453 1709 μίαν
467 1627 657 1714 ἠνεῳγμένην
675 1625 906 1714 παραλιπόντες.
944 1629 976 1694 ἐν
996 1617 1021 1714 ᾧ
1042 1628 1076 1692 δὲ
1096 1631 1195 1692 ταῦτα
1209 1626 1333 1710 ἐδρᾶτο,

242 1725 465 1814 ἦέξωτειχῶν
485 1725 647 1816 ὁρμωμένη
675 1737 738 1796 τῶν
754 1727 912 1814 Ῥωμαίων
933 1729 1075 1815 πληθδς,
1109 1727 1181 1803 τοδς
1203 1726 1337 1811 θαιροδς

242 1839 307 1898 τῶν
319 1837 425 1897 πυλῶν
438 1835 488 1898 καλ
500 1832 634 1916 μοχλοὺς
647 1831 825 1916 διακόψασα
839 1835 889 1900 καί
904 1835 1116 1920 συντρίψασα,
1144 1829 1231 1896 ἐνδον
1245 1825 1337 1914 εῖσῄει

243 1941 300 2000 τοῦ
316 1934 441 2015 ἀστεος,
471 1931 635 2019 ἀμάθητον
649 1933 747 2022 φόνον
761 1933 998 2022 αάτουργήσασα
1015 1941 1076 2000 τῶν
1090 1939 1235 2004 Σκυθῶν.
1267 1929 1337 1996 τότε
1347 1939 1381 1995 15

244 2037 284 2121 δὴ
305 2040 356 2101 καί
373 2036 479 2122 Βορὴν
495 2041 712 2124 συλληφθῆναι
728 2037 859 2123 λέγεται,
888 2045 950 2104 τῶν
964 2043 1088 2104 Μυσῶν
1105 2037 1253 2118 βασιλέα,
1282 2034 1340 2098 aiv

244 2141 362 2225 γυναικὶ
377 2141 427 2207 καί
442 2142 512 2205 δυσὶ
523 2137 651 2224 νηπίοις,
679 2138 761 2206 οὕτω
775 2151 902 2227 πυρσοῖς
916 2140 972 2224 τὴν
986 2141 1072 2225 μίνυν
1086 2135 1337 2225 περιπυκάζοντα,

216 2244 297 2310 Beni
311 2248 529 2328 προσαχθῆναι
544 2250 588 2331 τῷ
609 2249 747 2326 βασιλεῖ·
774 2240 790 2308 ὃ
811 2244 862 2323 δέ,
891 2251 1001 2310 τοῦτον
1018 2240 1197 2324 δεξάμενος,
1226 2238 1277 2306 διά
1293 2263 1340 2304 τι·

243 2351 307 2427 μῆς
325 2337 396 2429 ἦγε,
432 2347 575 2432 κοίρανον
600 2341 788 2432 Βουλγάρων
813 2345 992 2428 ἀποκαλῶν,
1028 2344 1156 2432 φάσκων
1174 2369 1223 2424 τε,
1258 2338 1341 2424 ἥκειν

244 2450 373 2524 Μυσοῖς
388 2445 587 2532 τιμωρήσων,
617 2447 699 2514 δεινὰ
714 2446 884 2516 πεπονθόσι
901 2448 978 2536 πρὸς
992 2455 1055 2516 τῶν
1068 2453 1210 2518 Σκυθῶν.
1347 2456 1382 2512 2⁰

324 2578 361 2662 ζ’.
391 2578 536 2664 Ῥωμαῖοι
558 2583 607 2665 δέ,
641 2581 724 2662 ἅπαξ
745 2586 985 2668 ἐμπελασθίντες
1004 2590 1049 2673 τῷ
1070 2583 1172 2664 ἀστει,
1206 2579 1347 2669 ἐχώρουν·

247 2683 299 2750 διά
320 2690 384 2749 τῶν
410 2692 571 2750 πενεστῶν
578 2734 588 2765 ,
622 2686 696 2762 τοδς
715 2689 774 2770 μὲν1
793 2691 947 2771 δυσμενεῖς
967 2687 1211 2764 ἀποκτείνοντες,
1245 2686 1285 2750 τά
1307 2685 1342 2750 δὲ

242 2785 390 2876 χρήματα
406 2785 632 2874 διαρπάζοντες.
665 2797 832 2876 τηνικαῦτα
851 2793 902 2856 καί
917 2796 956 2876 τῇ
967 2792 1112 2879 βασιλείῳ
1128 2789 1207 2875 οιάλῇ
1227 2788 1340 2875 προσί-

316 2967 342 3023 1.
364 2959 576 3038 ἀπαδραχθεῖσα
592 2967 648 3021 eod.
697 2971 739 3026 17.
755 2965 839 3027 ον’ίτοο.
856 2969 903 3025 Sic
916 2969 973 3024 eod.
997 2969 1070 3024 Fert.
1088 2964 1176 3024 οόποι.
1221 2969 1264 3023 22.
1282 2983 1341 3024 στι-

313 3038 426 3092 νιοτιῶν.
444 3037 502 3092 Vid.
519 3054 600 3110 cupra
615 3038 656 3096 15.
673 3038 707 3094 D.

246 3197 295 3262 pnt
318 3207 370 3245 una
394 3209 451 3248 cum
474 3191 581 3248 caenida
594 3195 669 3246 extra
684 3209 768 3248 murce
786 3191 813 3248 in
831 3197 925 3248 ῖοττοια
948 3193 1149 3264 provolveretur.
1191 3191 1251 3257 Qua
1273 3207 1341 3246 nova

245 3277 276 3313 re
290 3259 377 3314 oblata
388 3261 543 3323 succlamant
555 3261 678 3330 Romani,
695 3263 821 3333 primique
836 3263 996 3318 ascendentis
1010 3262 1131 3319 uirtutem
1149 3261 1267 3314 aernulati
1285 3279 1341 3314 cre·

245 3329 288 3382 bri
299 3347 345 3399 per
364 3332 448 3384 scalae
470 3331 593 3384 nituntur.
628 3329 733 3386 Interim
746 3334 909 3402 llleeonyctee
921 3334 948 3386 in
963 3349 1059 3385 murum
1077 3347 1225 3400 emergens,
1241 3329 1342 3397 fastigii

247 3415 351 3467 compos
363 3401 462 3463 lectus,
480 3399 576 3453 Rumon
589 3408 782 3470 propugnantes
797 3401 959 3484 quamplura·
973 3402 1166 3470 circumquaque
1178 3399 1342 3452 obtrumcata·

248 3467 368 3520 demum
388 3468 579 3537 praecipitavit.
617 3469 659 3523 ita
675 3487 731 3522 cum
742 3471 814 3523 multu
828 3471 946 3524 celeriter
958 3469 1071 3590 undique
1089 3467 1241 3520 mmuitionee
1252 3483 1343 3520 ιιιοειι-

248 3537 360 3602 dieunt,
379 3537 497 3606 omnique
519 3538 547 3590 vi
559 3539 647 3592 hortea
664 3539 842 3604 conciderent,
861 3541 975 3608 Scythae
997 3555 1026 3592 re
1037 3537 1096 3590 ictio
1112 3537 1241 3595 mueruibuu
1255 3536 1281 3588 iu
1295 3552 1344 3588 au·

247 3603 298 3660 lam
317 3605 416 3671 regiam
440 3622 511 3658 muro
532 3606 605 3660 firmo
617 3607 810 3672 circumdatam,
829 3608 872 3660 ubi
886 3609 999 3660 thesauri
1015 3607 1159 3660 Moesorum
1174 3605 1344 3658 moneban-

247 3679 299 3735 tur,
309 3673 421 3740 turpiter
434 3681 495 3726 eruut
508 3675 637 3744 compulsi,
650 3677 809 3744 portulanna
823 3677 860 3728 ibi
870 3681 961 3759 aperta
972 3675 1070 3729 relicta.
1092 3675 1158 3728 Dum
1168 3674 1233 3726 haec
1248 3689 1344 3742 gerun-

247 3749 299 3805 tur,
311 3749 386 3794 extra
396 3759 481 3794 murce
493 3741 822 3798 circumiueallomanonnn
836 3762 919 3814 copm,
933 3745 1081 3798 cardinibus
1090 3741 1271 3812 repagulisque
1284 3759 1345 3811 por-

248 3817 331 3864 tarum
344 3809 437 3863 excisio
449 3827 479 3864 ac
493 3811 646 3880 pertractis,
664 3815 690 3866 in
704 3813 824 3883 oppidum
840 3832 868 3866 ee
880 3813 981 3880 intulit,
1000 3813 1178 3882 ingentemque
1191 3811 1345 3880 Scytharum

140 3913 145 3924 .
247 3879 441 3946 stragemleeit.
462 3879 559 3932 Eodem
571 3888 686 3951 tenpore
700 3883 787 3935 Borim
795 3883 939 3936 Moeeorum
951 3899 1047 3950 regern,
1060 3881 1117 3934 ruia
1131 3897 1162 3932 ac
1175 3879 1255 3932 lenm
1263 3879 1346 3932 barba

247 3947 391 4016 inignem,
413 3965 466 4002 una
486 3965 543 4002 cum
558 3966 637 4002 uxore
650 3951 799 4020 duobusque
811 3951 951 4004 insentibus
965 3952 1172 4020 comprehensum
1186 3947 1219 4001 ed
1230 3947 1346 4016 impera-

249 4021 380 4086 toremque
399 4017 534 4069 adductum
552 4035 609 4070 oeae
622 4018 708 4071 aiuntt
725 4037 798 4088 quem
812 4019 857 4074 ille
870 4027 1002 4089 receptum
1013 4022 1109 4072 honore
1128 4017 1232 4080 habuit,
1249 4015 1347 4086 prind-

248 4085 1187 4208 gffflffafflgrffimngllavitvmmmetueremumanum
1200 4085 1347 4139 momorum

343 4173 355 4208 e
429 4173 446 4224 y
548 4173 645 4226 oep.

318 4256 344 4312 7.
363 4255 485 4321 Romani,
508 4256 586 4312 senet
596 4257 626 4310 lu
638 4256 760 4328 oppidmu
772 4257 854 4324 illati,
872 4275 920 4328 per
935 4259 1087 4329 angiportus
1099 4275 1131 4311 ee
1140 4251 1296 4320 effuderunt,
1313 4255 1349 4308 nl

251 4323 357 4378 eaedem
369 4325 478 4382 uorum
491 4325 664 4397 bonorumque
676 4327 845 4398 direptionem
858 4329 984 4382 conveni.
1018 4327 1082 4382 moe
1096 4327 1195 4396 regiam
1210 4339 1348 4398 oppupuu-
