2994 4796
366 371 411 440 IN
432 365 590 438 LEONIS
610 363 792 459 utetur-'1
814 363 891 435 LIB.
913 363 967 434 IV.
1157 355 1231 435 439

66 518 70 530 ¹
134 526 266 616 Ἡρυᾶἄης
286 522 481 610 similinus,
503 549 518 588 e
536 525 659 606 specula
674 524 749 586 haec
763 525 966 606 prospiciens.
1009 520 1106 603 hique
1121 523 1233 586 diluci-

131 618 201 678 dius
222 615 257 676 in
282 615 352 676 Viti
372 612 560 674 Constantini
579 610 724 672 Eusebius
747 612 819 678 512.
833 609 868 670 A.
890 609 958 669 loco
980 607 1125 686 eleganti,
1147 631 1233 715 quesn

134 702 221 777 ideo,
243 699 380 780 quemvis
392 698 532 777 longum,
554 695 736 759 exscribam:
756 690 815 759 Οἷα
829 693 863 760 δέ
875 717 920 769 τις
936 687 1139 778 οᾶραυοπέτης
1150 693 1235 770 sevir

28 804 38 816 ⁵
133 779 354 864 ὀξυωπέστατος
375 779 498 846 ἄνωθεν
517 775 578 892 ἄρ’
598 779 726 861 ἄψηλου·
744 777 781 844 soi
804 773 987 860 πορρυτᾶτα
1002 780 1145 841 διεστῶτα
1157 778 1234 843 κατὰ

133 875 189 950 τῆς
205 874 263 953 γῆς
278 870 358 933 ἴδοι·
380 860 439 930 olus
452 866 504 930 sul
516 890 604 942 ουτος
616 871 671 948 τῆς
684 860 779 929 αὐτοῦ
792 858 990 938 iuuenilem
1003 859 1060 944 τήν
1075 861 1231 946 βασιλικήν

134 949 353 1037 circumcisions
367 952 478 1029 ἑστίαν,
500 947 599 1016 δεινόν
612 975 640 1014 τε
654 954 761 1032 ψυχαῖν
775 945 930 1034 θήρατρον
944 947 994 1013 ἐπὶ
1008 952 1064 1012 τοῦ
1080 949 1233 1012 Φοινίκων

131 1035 427 1112 λανθάνοντᾶθυους
446 1037 477 1113 ἐξ
497 1031 636 1100 α’πᾶπτου
656 1037 807 1113 συνεῖδεν,
829 1047 977 1114 iniquom
997 1034 1232 1115 especulupro-

133 1129 239 1206 spexit.
267 1125 351 1198 Ques
362 1123 468 1182 iisdem
481 1123 542 1199 fere
554 1121 654 1182 verbis
673 1121 777 1182 iterstr
792 1119 862 1182 vide
878 1122 959 1180 Oret.
974 1119 1011 1179 de
1021 1117 1136 1181 laudib.
1151 1120 1232 1178 Gon-

6 1251 13 1264 ·
133 1219 226 1271 stent.-
249 1211 322 1276 625.
346 1209 384 1270 B.
407 1207 544 1286 Iungitur
564 1205 717 1266 interdum
737 1225 807 1266 cum
826 1199 946 1268 σκοπτοὶ.
987 1203 1132 1266 Eusebius
1155 1203 1232 1266 Hist.

133 1295 248 1357 Eccles.
271 1293 322 1360 41.
345 1293 381 1356 B.
401 1289 524 1355 ἄνωθέν
533 1299 634 1354 ποθεν
648 1285 747 1373 ἄοπερ
762 1292 793 1366 ἐξ
807 1283 945 1354 ἄπᾶπτου
960 1288 1013 1352 καὶ
1027 1281 1089 1354 ist
1104 1292 1232 1364 σκοπιᾶς

133 1381 273 1461 βοῶντες,
295 1381 389 1458 quasi
404 1399 438 1436 es
451 1379 516 1436 Ioco
531 1375 611 1434 edito
628 1387 721 1457 atque
732 1375 864 1454 specula,
885 1374 957 1435 licet
972 1374 1011 1434 sit
1024 1373 1110 1434 aliter
1122 1374 1155 1434 in
1168 1375 1231 1436 Vs-

132 1465 205 1526 lesii.
212 1463 366 1526 versione:
387 1463 537 1524 interdum
554 1483 622 1522 cum
637 1457 783 1543 περταπή,
805 1469 841 1522 ut
856 1459 938 1540 apud
950 1460 1079 1520 Leonem
1094 1468 1230 1520 nostrum
1291 1513 1297 1522 .

131 1555 188 1616 26.
201 1549 237 1610 Α.
263 1547 452 1609 Adiectivuiu
474 1556 574 1608 eutem
589 1543 724 1620 ἄποπτος
739 1545 925 1606 construitur
939 1564 1009 1604 cum
1022 1564 1125 1624 praep.
1141 1545 1184 1617 εἰς
1196 1543 1230 1604 iu

131 1633 286 1696 Plutarch.
305 1632 419 1694 Gemill
436 1634 505 1699 161.
519 1632 553 1692 Ε
571 1634 625 1711 τῆς
640 1627 695 1712 μὲν
707 1629 865 1711 Ὁμονοίας
880 1625 960 1714 ἱερὸν
974 1661 1016 1674 ·-
1030 1629 1073 1702 εἰς
1088 1625 1145 1709 τήν
1158 1624 1228 1710 ἄγο-

132 1715 192 1804 ρᾶν
213 1717 265 1782 καὶ
285 1713 342 1798 τὴν
356 1717 515 1797 ἐκκλησίαν
531 1712 683 1792 ἄποπτον,
706 1714 785 1775 unde
800 1725 865 1774 erut
880 1717 914 1774 iu
925 1716 1034 1790 sorum
1046 1724 1138 1793 atque
1152 1735 1226 1774 cou-
1243 1721 1274 1777 Ρ.
1291 1719 1343 1780 214

133 1807 250 1864 ciorum
270 1800 439 1881 despectus:
467 1801 584 1861 umetsi
604 1800 637 1860 id
657 1820 778 1880 quoque
798 1801 834 1862 sb
857 1799 924 1860 eliis
948 1799 1035 1858 sliter
1057 1799 1229 1879 exponitur.

134 1890 266 1968 (logum
286 1897 333 1948 est
350 1907 419 1948 cum
436 1885 494 1946 hec
508 1885 723 1964 significatione
737 1895 858 1964 quarte,
879 1884 992 1966 primus
1006 1883 1067 1944 iere
1079 1884 1229 1966 oppetita,

134 1994 193 2054 qus
213 1969 348 2046 ἄποπτος
359 1973 420 2032 ianr
442 1991 504 2031 non
520 1970 706 2032 reddendum
723 1971 813 2031 estid
828 1971 907 2031 unde
921 1970 1091 2050 prospicere
1104 1969 1227 2049 aliquid,

133 2060 187 2120 sed
200 2058 282 2137 quod
296 2058 393 2138 ipsum
409 2055 548 2136 conspice
566 2075 582 2115 e
601 2055 714 2136 possis,
734 2057 793 2115 sub
818 2056 916 2115 oculis
921 2056 1063 2134 positus,
1084 2055 1227 2132 visibilis,

133 2153 168 2205 ut
181 2143 318 2204 Pliuisno
331 2143 422 2203 verbo
443 2150 521 2201 uter.
578 2139 720 2201 utorchus
729 2141 844 2201 Lucull.
856 2145 928 2207 497.
945 2141 980 2202 I).
996 2135 1172 2219 καταφανὴς
1185 2131 1228 2219 ἦν

132 2229 380 2310 ἠστρατοπεᾶείο
400 2225 453 2290 καὶ
472 2222 616 2299 ἄποπτος.
657 2224 801 2307 Iosephus
812 2224 959 2304 Antiquit.
971 2223 1043 2291 639.
1061 2225 1095 2284 Δ.
1109 2227 1181 2290 603.
1194 2224 1228 2286 B.

133 2313 185 2374 ubi
206 2313 243 2373 de
261 2312 397 2373 Herode:
418 2303 460 2391 ἦν
477 2307 535 2394 poio
556 2304 636 2395 αᾶτῷ
652 2306 820 2373 irremorsi
835 2305 985 2394 γινόμενα.
1027 2309 1163 2370 Hudson.
1180 2309 1227 2373 ed.

132 2398 365 2478 Hsvercsmp.·l.
382 2399 454 2463 782.
466 2396 501 2458 B.
516 2395 622 2473 veuit,
645 2398 748 2454 omnio
762 2417 838 2476 quos
846 2395 937 2472 flecto
948 2394 1161 2475 προνομαίας
1167 2395 1227 2473 fie-

133 2481 220 2564 haut)
230 2481 444 2563 prospiciebat.
486 2479 666 2541 Heliodorus
680 2479 864 2561 Aethiopicis
879 2480 951 2546 422.
964 2482 1021 2542 τοῦ
1032 2501 1063 2540 τε
1076 2473 1227 2562 ῥήγματος

133 2563 272 2633 ricimer}
285 2565 458 2651 perspisso,
482 2587 555 2625 cum
567 2576 698 2646 ruptura
711 2567 844 2646 conspici
851 2577 965 2646 posset.
1006 2563 1080 2624 Inde
1095 2559 1136 2642 ,τᾶ
1152 2559 1227 2626 ἄπο·

132 2675 209 2716 πτου
225 2653 285 2712 ism
306 2673 368 2712 non
391 2652 528 2730 speculo,
550 2650 601 2710 sed
615 2659 721 2712 contra
734 2655 746 2728 (
754 2671 839 2732 saepe
854 2651 932 2712 enim
944 2651 1086 2710 iuteresse
1098 2649 1227 2708 multum

133 2747 232 2818 potest
252 2737 332 2797 iuter
348 2736 409 2796 hoc
429 2746 460 2795 et
479 2734 575 2808 illud)
598 2736 684 2794 Iocus
698 2736 838 2795 omnibus
853 2739 1044 2816 conspicuos.
1085 2733 1228 2815 Iosephus

135 2822 173 2880 de
184 2821 350 2880 Ptolemaeo
358 2821 491 2900 llyrcsni
504 2829 626 2880 matrem
640 2821 672 2880 in
683 2841 768 2880 muro
777 2821 877 2899 flagris
890 2821 1029 2880 caedente
1039 2819 1137 2898 tntiq.
1153 2819 1226 2883 448.

134 2906 169 2967 Ε.
193 2905 223 2981 ἐξ
248 2899 384 2968 ἄπόπτοο
404 2899 531 2990 ᾐκίζετο.
572 2905 673 2985 Neque
703 2906 760 2965 ulio
780 2925 870 2965 sensu
894 2904 1050 2965 Philonem
1069 2903 1227 2981 Legatione

135 3000 215 3051 certe
233 2991 270 3050 sd
284 2991 343 3049 cai.
359 2993 430 3055 793.
448 2991 483 3050 l).
500 2991 581 3066 (uem
598 2991 756 3071 quinquies
771 2990 840 3048 alibi
854 2991 934 3070 opud
949 3009 1018 3049 eum
1029 2987 1116 3047 sliter
1130 2987 1227 3046 iuter-

133 3075 313 3158 pretsndum
331 3072 409 3155 dixi)
425 3095 583 3155 usurpasse
595 3075 742 3136 arbitrere
764 3073 828 3138 ἐπεὶ
840 3071 873 3136 ot
887 3072 905 3133 (l
918 3068 1089 3154 Πετρώνιος
1105 3069 1136 3144 ἐξ
1151 3063 1254 3138 ἀπό-Β

135 3177 215 3225 πτουΙ
232 3154 403 3240 κατεφάνη,
430 3163 463 3222 in
487 3161 552 3218 loco
574 3163 735 3238 conspicuo
755 3161 919 3238 apparuit:
946 3157 1075 3217 Thomas
1101 3155 1227 3234 Mrugey

61 3269 69 3280 ·
135 3246 237 3306 nescio
258 3267 348 3325 quum
370 3245 444 3304 hene
467 3245 512 3303 ed.
539 3243 575 3303 II.
596 3248 670 3310 679.
684 3245 737 3304 lin.
753 3246 803 3309 51.
818 3245 851 3304 ic
866 3245 931 3302 loco
947 3244 1108 3322 superiore.
1150 3239 1226 3297 Cum

136 3331 237 3390 ‹lstivo
262 3329 403 3410 Iosephus
422 3333 466 3389 De
486 3329 563 3388 bello
581 3330 647 3390 Iud.
661 3335 734 3398 926.
745 3329 779 3389 F.
794 3327 827 3392 ἐν
846 3324 972 3414 ἄπόπτρο
987 3332 1049 3400 τοῖς
1065 3323 1227 3404 πολεμίοις,

135 3419 295 3496 conspicuo
314 3415 454 3474 hostibus
474 3416 548 3476 ἰοσο.
1002 3417 1007 3430 ’

220 3501 302 3561 llaec
314 3501 439 3580 exposui
454 3500 546 3580 prule
561 3498 656 3558 fusius
671 3499 709 3560 sle
722 3507 851 3578 quatuor
865 3492 1131 3576 significationibus
1143 3489 1227 3554 vocis

136 3581 286 3662 ἄποπτος,
309 3585 503 3664 quodminus
518 3583 616 3644 adhuc
628 3583 665 3643 sb
679 3583 805 3645 eruditis
821 3582 976 3651 distinctas
989 3580 1131 3642 riderem.
1153 3578 1225 3655 Nec,

137 3671 165 3730 si
186 3670 300 3750 excipis
327 3669 460 3729 hericon
482 3667 764 3744 Schneidcrirnum,
786 3688 822 3728 sc
847 3688 944 3749 peuce
969 3666 1043 3742 slis,
1066 3664 1226 3745 quicquum

137 3755 240 3816 verius
257 3753 412 3830 existimo,
435 3775 525 3832 quem
550 3755 631 3834 quod
658 3757 701 3814 sit
721 3753 803 3813 Frid.
818 3753 940 3831 lugeret.
953 3750 1098 3828 wolfius,
1119 3747 1226 3808 herum

138 3857 239 3900 rerum
254 3859 387 3898 summus
402 3840 530 3915 arbiter,
553 3842 684 3921 Beitrog
700 3859 753 3898 rur
773 3838 948 3898 Geschiolste
963 3836 1015 3897 des
1027 3833 1228 3895 Somnambu·

139 3924 250 3984 Ιίτεπιιε
262 3923 335 3988 403.
355 3923 387 3981 G.
408 3942 590 4002 conquerens
604 3925 642 3986 de
661 3923 833 3984 conditione
852 3923 1010 3984 dictiones.
1026 3922 1227 3980 Graecorum:

140 4009 203 4066 Die
211 4007 417 4088 griechischen
433 4012 557 4070 I‘Vc'rter
572 4008 646 4068 sisui
656 4006 733 4069 noch
746 4011 778 4068 in
791 4007 847 4068 den
861 4009 959 4070 herten
966 4008 1088 4068 Lexicis
1097 4003 1230 4064 schlecbt

141 4089 214 4150 oder
235 4093 378 4150 ciebnebr
395 4115 456 4173 gar
478 4093 564 4152 nieht
584 4095 697 4154 erble'irt
716 4115 746 4154 u.
768 4117 792 4153 s.
810 4113 853 4156 w.
896 4094 938 4154 Ut
956 4094 1025 4153 ideo
1047 4090 1125 4151 nihil
1137 4088 1229 4168 magis

141 4177 276 4238 conferre
287 4187 392 4258 puteus
404 4179 443 4238 sd
452 4179 625 4240 interiorem
636 4180 836 4260 cognitionem
847 4179 965 4260 hugues
979 4179 1124 4250 Graecos,
1142 4193 1231 4254 qnsm

15 4315 20 4331 ,
141 4262 166 4323 si
183 4262 221 4322 nd
237 4262 447 4325 discernendas
461 4264 591 4325 eiusdem
606 4266 747 4326 vocshuli
761 4265 859 4327 verius
871 4273 1047 4348 potestates,
1067 4259 1231 4337 curlegium

142 4357 172 4408 et
192 4348 320 4429 logicum
340 4360 475 4430 secutus,
502 4370 592 4413 esus
613 4351 740 4446 quisquex
754 4371 835 4433 penu
857 4371 931 4432 quse
948 4347 1097 4410 converit
1119 4343 1231 4418 affuit,
1258 4407 1267 4436 Ι
