2994 4796
305 305 383 461 'uio
510 369 550 438 n.
569 369 619 438 n.
643 365 846 438 eoccun
868 368 1212 450 renouanonus

304 529 365 610 git.
414 527 483 588 Nou
507 525 560 588 dita
581 535 681 587 tamon
700 523 858 607 Pompeiua
882 525 1012 587 victoria
1032 525 1148 606 prima
1167 535 1227 606 eat,
1255 547 1308 590 nec
1324 529 1384 590 for-

308 624 413 674 tunam
442 622 582 694 expertus
609 621 654 672 eat
681 620 901 694 permanentem
908 633 917 688 ;
947 612 1114 672 instaurato
1139 614 1219 674 euim
1238 613 1274 673 ab
1295 613 1384 692 dugu-

307 707 354 764 eto
371 706 475 758 contra
492 699 591 780 ipsum
611 697 739 778 proelio,
761 715 855 776 eoque
876 703 997 756 attenua
1017 696 1178 757 admodum
1197 708 1276 760 tarra
1300 699 1386 759 mari-

308 803 369 864 que
381 793 553 864 oppugnato
561 829 570 860 ,
590 783 712 842 tandem
725 783 874 860 Augustus
884 781 923 841 ll.
938 781 1086 864 Agrippae
1100 801 1189 862 opera
1201 783 1330 860 adiutus,
1346 783 1386 842 in-

297 869 424 946 ,aignem
444 869 546 929 retulit
561 868 739 943 victorium
762 868 835 926 adeo
851 875 886 926 ut
899 867 1006 927 merito
1025 869 1062 927 de
1081 868 1215 948 duguato
1227 869 1286 928 dici
1298 865 1386 950 ponit,

312 973 379 1014 eum
392 954 477 1036 priua
489 953 604 1012 victum
618 951 717 1014 novali
733 951 862 1031 praelio,
883 971 956 1013 mox
968 952 1037 1011 auoa
1051 951 1182 1014 victorae
1194 973 1350 1035 cuperant.

395 1038 446 1104 14.
469 1032 568 1124 Ξύλῳ]
589 1038 656 1097 Hoc
677 1038 803 1097 verbum
828 1037 956 1096 claeeem
978 1037 1167 1118 interpretati
1189 1058 1308 1118 eumue,
1334 1038 1387 1099 fra-

310 1132 436 1204 quenter·
454 1123 534 1182 enim
552 1123 629 1182 illud
646 1144 664 1180 a
683 1121 804 1182 Graecia
825 1121 975 1183 inferioris
994 1121 1060 1182 uevi
1077 1123 1274 1203 scriptoribus
1291 1123 1328 1182 ad
1341 1143 1388 1182 ιιι·

311 1228 364 1269 veo
385 1207 580 1285 designandas
597 1216 769 1288 uaurpatur.
812 1207 932 1267 l'raeolo
955 1208 1063 1287 cuique
1082 1227 1144 1268 oeae
1159 1218 1288 1288 poaaunt
1302 1227 1387 1268 exeo·

312 1294 382 1374 pla,
404 1313 480 1372 quae
496 1293 715 1352 Du-Freuniue
728 1293 761 1350 in
783 1291 934 1352 Gloaaario
955 1291 1069 1352 mediae
1090 1301 1121 1352 et
1141 1293 1260 1353 infimae
1281 1292 1388 1354 Graeci·

311 1379 382 1438 tatia
405 1377 538 1438 adducit.
579 1378 729 1459 [Fortoaoe
748 1375 782 1436 hi
806 1397 924 1457 quoque
943 1397 1045 1438 veraue
1064 1379 1214 1438 referendi
1234 1379 1274 1438 ad
1295 1377 1388 1438 lulium

211 1502 214 1508 -
311 1463 483 1538 Gaesarem,
505 1462 558 1542 qui
576 1463 609 1522 in
628 1463 734 1524 itinere
756 1461 802 1544 (te
821 1457 935 1550 στόλῳ,
957 1462 1038 1542 qnod
1055 1463 1237 1524 vocabulum
1262 1461 1389 1523 otiando

310 1547 401 1608 unius
421 1547 528 1608 itinere
551 1547 689 1630 usurpari
709 1551 837 1627 cunctat)
865 1569 882 1606 a
909 1547 1111 1630 praedonibus
1140 1557 1261 1630 captui,
1288 1547 1390 1608 eooden

310 1633 493 1714 paulopost
515 1631 606 1692 clarae
629 1641 782 1692 contractu
808 1633 975 1712 superavit,
1006 1641 1169 1712 captosque
1195 1635 1282 1694 cruci
1299 1632 1390 1693 affixit.

315 1717 467 1779 Plutarch.
483 1715 541 1776 vit.
554 1719 634 1778 Gaea.
649 1725 712 1786 c.2.
728 1717 832 1798 Vallej.
845 1717 955 1778 Patll.
968 1717 1019 1784 42.
1033 1714 1134 1793 ξύλον,
1148 1717 1327 1796 σνια,Ρίιίἀ.
1337 1719 1390 1780 llx-

312 1803 382 1884 ped.
397 1801 514 1863 Heracl.
530 1801 568 1865 ll
583 1803 653 1870 253.
667 1797 848 1882 ὖψοῦμενον
862 1796 895 1865 ad
906 1799 1004 1878 ξύλον.
1023 1811 1053 1862 et
1065 1803 1146 1865 alibi.
1163 1804 1196 1863 F.
1206 1804 1243 1885 1.]

399 1889 450 1954 15·
472 1881 537 1950 Ονίι
550 1880 590 1966 ἦν
605 1882 779 1970 στρατηγός]
800 1887 938 1947 llancum
951 1886 1032 1946 hunc
1046 1885 1277 1950 vuaum'edidit
1292 1891 1390 1950 Gorne-

312 1971 373 2032 liua
391 1982 496 2034 contra
513 1971 601 2032 fidem
615 1971 732 2032 Codicis
740 2018 749 2050 ,
772 1991 810 2030 ex
828 1993 886 2052 quo
899 1993 954 2032 noe
967 1973 1149 2032 restituimus
1162 1983 1234 2035 ante
1249 1975 1390 2036 articulum

315 2055 334 2120 d
352 2057 529 2137 particulam
552 2055 611 2133 ω’ς,
633 2077 722 2136 quarn
741 2066 842 2117 tamen
862 2059 1025 2118 neceesario
1046 2057 1229 2135 addendam,
1251 2070 1287 2122 ut
1303 2077 1391 2121 aenaea

312 2141 428 2223 integer
444 2143 578 2222 prodiret
584 2189 592 2218 ‚
615 2143 770 2202 Cornelius
784 2143 980 2202 coniectando
996 2143 1160 2204 adnotavit.

336 2216 343 2232 .
377 2223 380 2230 ’
400 2233 449 2294 16.
472 2229 567 2302 Quam
581 2228 618 2287 de
628 2227 768 2309 Pompelo
779 2227 931 2287 hiatoriam
943 2227 1128 2288 Theodotius
1139 2228 1312 2304 adumbrut,
1330 2225 1392 2288 hae

314 2320 375 2372 eat:
398 2313 455 2374 An.
475 2313 513 2372 U.
535 2313 566 2376 G.
586 2318 656 2379 679.
678 2313 710 2374 L.
726 2313 841 2372 licinio
856 2313 997 2388 anullo,
1020 2314 1060 2374 Μ.
1076 2314 1195 2374 Aurelio
1219 2316 1305 2375 Cotta
1324 2315 1391 2373 eeu

313 2397 464 2457 Creticum
484 2398 595 2458 bellum
612 2391 679 2458 att.
696 2399 825 2458 Antonio
847 2397 1008 2458 infeliciter
1025 2399 1194 2479 inceptum,
1218 2397 1289 2475 aQ.
1303 2397 1392 2458 Caeci·

314 2481 357 2541 lio
379 2481 499 2542 Metello
524 2483 686 2562 perfectum
709 2493 762 2543 eat.
806 2483 864 2542 Sed
890 2503 982 2563 quum
1004 2485 1131 2542 victoria
1155 2485 1252 2544 elatus
1273 2484 1392 2546 lletellua

311 2567 430 2625 naevius
443 2567 475 2624 in
495 2567 630 2646 captivos
645 2567 907 2638 animadverteret,
929 2568 1013 2628 multi
1034 2569 1172 2649 Pompeio
1186 2570 1219 2628 in
1237 2571 1305 2630 Asia
1318 2589 1393 2630 com-

316 2650 444 2710 moranti
466 2671 497 2710 ee
518 2651 705 2712 dediderunt.
754 2652 797 2710 De
815 2651 872 2711 hac
889 2671 922 2712 ra
938 2653 982 2712 ita
1004 2653 1113 2713 Florua
1134 2655 1202 2716 Iler.
1226 2656 1310 2718 flom.
1328 2653 1392 2734 Epic

207 2731 266 2789 0⁰1·
280 2733 301 2788 2
316 2735 366 2796 lib.
387 2735 436 2798 lll.
456 2757 521 2820 cap.
544 2741 574 2801 7.
622 2735 760 2795 Metellus
777 2734 884 2796 deinde
902 2747 997 2796 totam
1021 2739 1155 2797 inulam
1174 2741 1244 2819 igni
1262 2743 1393 2818 ferroque

308 2821 497 2902 populatae,
520 2825 603 2880 intra
620 2823 756 2899 caetella,
775 2834 803 2879 et
816 2823 904 2881 urbee
916 2822 1039 2900 redegit,
1061 2835 1089 2882 et
1104 2825 1270 2904 Generum,
1289 2837 1316 2884 et
1327 2827 1393 2902 Ety-

314 2907 466 2986 thracam,
485 2919 513 2966 et
527 2919 562 2966 ut
579 2907 690 2966 Graeci
700 2905 798 2966 dicere
810 2909 915 2984 colent,
936 2909 1058 2966 urbium
1077 2921 1204 2968 matrem
1219 2910 1392 2988 deoneam:

314 2989 447 3071 adeoque
466 3013 553 3055 eueve
571 2995 602 3051 in
628 2996 765 3073 captivo-e
786 2993 1008 3070 consulebatur,
1036 3005 1071 3053 ut
1089 3015 1199 3056 veneno
1221 3017 1253 3054 ee
1272 2997 1394 3077 plerique

305 3078 507 3156 captarent,
528 3077 588 3136 alii
608 3076 788 3138 deditionem
805 3099 895 3138 ouum
913 3076 958 3136 ad
969 3081 1147 3159 Pompeium
1168 3080 1318 3140 absentem
1334 3079 1394 3138 mit·

315 3173 417 3224 terent.
460 3163 617 3244 Pompeius
636 3173 733 3222 autem
748 3163 871 3222 llouram
892 3183 1029 3224 reveraua
1043 3185 1105 3225 non
1121 3166 1212 3224 modo
1233 3168 1272 3226 de
1290 3161 1394 3227 Mithri·

315 3247 385 3308 date
406 3257 436 3306 et
454 3247 581 3328 Tigrane
599 3249 631 3306 in
646 3249 715 3308 Διίι
730 3248 861 3308 aubactia
879 3249 1092 3328 triumphavit,
1111 3251 1164 3310 aod
1177 3251 1305 3312 alterum
1319 3251 1394 3310 etiam

314 3333 502 3415 triumphurn
523 3333 583 3412 egit
603 3333 734 3394 debello
750 3333 885 3396 Cretico:
907 3335 1031 3415 captivis
1052 3355 1069 3395 e
1090 3337 1176 3395 Grata
1189 3336 1333 3413 ducibui,
1352 3329 1394 3413 qui

315 3418 354 3478 ad
374 3439 406 3478 aa
429 3419 616 3495 defecerant,
644 3439 744 3478 aecum
770 3419 926 3496 adductio,
961 3419 1073 3480 Metelli
1099 3419 1287 3502 triumphum
1306 3417 1394 3480 imni·

315 3523 427 3580 nuena,
451 3504 584 3582 quamvis
598 3524 701 3583 reapse
717 3504 830 3563 nullam
844 3505 874 3562 in
890 3503 968 3564 bello
985 3505 1099 3564 Cretico
1118 3517 1233 3586 purtem
1248 3505 1393 3566 habuisset

315 3585 497 3648 'llreodoeiuo
511 3590 612 3674 itaque
626 3588 708 3648 hisce
722 3589 754 3648 in
768 3590 901 3650 versibus
918 3589 1089 3672 Pompeium
1100 3611 1170 3650 cunr
1185 3593 1333 3668 Romano,
1351 3603 1394 3648 tau

313 3672 417 3754 potina
441 3693 508 3733 cum
528 3671 697 3756 Nicephoro
714 3675 846 3752 confert,
866 3683 901 3734 ut
923 3695 956 3733 eo
979 3676 1070 3754 magio
1092 3676 1223 3736 eiusdem
1246 3670 1394 3756 Nicephon'

313 3757 458 3819 virtutem
477 3758 616 3836 extollet,
639 3757 781 3846 quoniam
799 3761 824 3820 ei
840 3759 987 3820 Cretenria
1003 3761 1146 3821 victoriae
1160 3762 1252 3840 gloria
1268 3782 1335 3822 vera
1349 3758 1394 3817 da·

314 3841 455 3920 bebatur,
477 3845 550 3904 dum
573 3863 589 3902 e
608 3843 758 3905 contrario
774 3845 932 3926 Pompeius
949 3845 1056 3906 veterio
1074 3846 1155 3906 illiue
1177 3847 1321 3908 Cretenaia
1335 3839 1394 3904 belli

311 3925 430 3988 laudem
448 3929 653 4008 usurpaverit,
675 3951 710 3990 ac
733 3931 816 4010 quaai
841 3951 978 4012 praecona
998 3931 1192 4009 decertarint,
1221 3933 1346 3992 alterum
1363 3925 1394 3987 do

313 4013 415 4074 eadem
433 4014 518 4086 Creta
535 4013 721 4096 triumphum
737 4015 847 4076 Romae
861 4025 1009 4077 attentare
1022 4017 1263 4098 praesumptori&

397 4097 475 4160 Ibid.
500 4099 652 4180 Πομπὶος]
675 4101 712 4160 Ιιι
729 4101 800 4161 Cod.
816 4121 906 4184 aupra
925 4099 985 4162 hoc
1004 4123 1113 4164 nomen
1131 4101 1205 4162 haec
1218 4102 1324 4180 legitur
1334 4105 1394 4158 nota

313 4179 515 4244 interlinearis
527 4184 668 4263 eiuadem,
689 4195 724 4245 ut
737 4185 867 4264 videtur,
882 4187 1038 4268 acriptoria
1053 4208 1143 4248 manu
1157 4196 1274 4249 exorna
1289 4183 1309 4250 d
1322 4187 1393 4248 Koi-

316 4283 374 4347 σαρ
395 4266 411 4333 6
431 4269 536 4350 μέγας,
566 4271 649 4349 quod
669 4271 879 4332 animadvertit
903 4273 989 4332 etiam
1012 4275 1185 4352 Corrreliua,
1214 4271 1265 4333 aad
1285 4267 1393 4330 omuino

318 4355 461 4431 praeterit
486 4353 648 4414 coniectari
672 4357 747 4435 quid
769 4377 802 4416 ea
821 4357 878 4418 eibi
898 4359 981 4424 velit.
1025 4359 1129 4442 ltaque
1147 4359 1224 4421 acin
1236 4357 1321 4438 volo,
1340 4369 1394 4414 eeu
