3038 4796
227 338 302 416 350
533 345 799 416 LUlPPRANDI
817 345 1016 416 LEGATlO

222 517 293 592 post
308 505 502 589 quatriduum
517 528 565 568 me
577 507 667 568 iussit
681 504 772 568 adire.
815 503 964 566 Sederunt
978 525 1048 565 cum
1062 523 1097 566 eo
1112 505 1152 566 ad
1166 504 1318 588 discepta-

222 614 336 673 tionem
360 620 513 692 vestram,
542 609 708 670 secuudum
738 629 842 670 eorum
866 608 1076 686 traditionem,
1109 606 1321 688 sapientissimi

222 715 292 794 viri,
313 712 415 774 Attico
429 713 577 794 pollentes
590 711 719 792 eloquio,
736 711 866 771 basilius
880 710 1149 786 Perakimomenos,
1163 706 1205 793 18)
1216 710 1319 770 'Proto

222 839 240 876 a
263 816 403 888 secretis,
430 815 695 890 Protoveetisrius,
726 823 757 875 et
777 814 838 873 duo
859 813 1010 892 magistri,
1037 831 1165 892 quorum
1183 809 1244 871 boc
1262 810 1321 870 suit

221 917 404 981 narrationis
418 916 558 977 initium:
581 915 655 996 quid
670 935 775 976 causae
788 916 842 992 sit,
864 933 957 995 quare
971 923 1002 972 te
1015 911 1075 972 bue
1087 913 1233 992 fatigasti,
1255 913 1319 972 tro-
1399 975 1403 982 ,

220 1031 284 1100 ter,
307 1021 444 1084 edissere.
489 1018 604 1092 Quibus
617 1039 685 1078 cum
698 1018 868 1099 parentelae
883 1015 992 1094 gratia,
1006 1013 1092 1094 'quae
1110 1023 1187 1076 esset
1201 1014 1319 1076 occasio

220 1123 356 1184 infinitus
377 1123 477 1204 pacis,
500 1121 666 1196 edicerem,
695 1120 852 1200 inquiunt:
882 1117 1019 1178 inaudita
1038 1138 1086 1178 res
1107 1129 1165 1195 est,
1186 1125 1222 1178 ut
1243 1119 1319 1178 Por-

219 1226 433 1308 phyrogeniti,
454 1221 725 1304 Porphyrogenits,
746 1221 806 1282 hoc
827 1231 887 1299 est,
909 1223 943 1282 iu
961 1241 1096 1302 purpura
1112 1219 1173 1280 nati
1186 1217 1265 1296 filia,
1285 1217 1319 1278 iu
1387 1227 1389 1232 “

220 1350 358 1410 purpura
379 1337 464 1402 nata,
487 1325 624 1404 gentibus
645 1325 822 1402 muscetum
844 1343 950 1385 verum
965 1325 1034 1404 quia
1048 1335 1109 1383 tam
1125 1320 1319 1382 excellentem

193 1443 287 1496 Brem
303 1429 420 1510 petitis,
442 1429 468 1487 si
491 1427 568 1486 datis
589 1426 671 1506 quod
690 1427 790 1503 dccet,
811 1427 963 1507 accipietis
983 1426 1064 1506 quod
1083 1425 1175 1501 libet3
1196 1425 1320 1484 lieven·-

219 1551 290 1592 nam
315 1531 447 1604 scilicet,
469 1539 499 1588 et
512 1531 636 1588 Romam
660 1549 729 1588 cum
749 1529 797 1588 his
815 1529 951 1588 omnibus
972 1527 1169 1602 continuatis,
1192 1545 1268 1604 quae
1283 1522 1320 1582 ab

220 1634 270 1694 his
290 1643 362 1693 sunt
381 1647 477 1712 usque
495 1631 534 1689 ud
552 1651 617 1692 nos.
663 1631 693 1689 Si
710 1651 785 1691 vero
800 1631 961 1692 amicitiam
976 1631 1086 1710 absque
1101 1629 1253 1711 parentela
1269 1627 1321 1686 de-

221 1737 373 1813 sideratis,
395 1737 518 1795 Romam
539 1732 665 1792 liberam
685 1753 748 1793 csse
763 1735 907 1794 Dominus
921 1743 993 1794 tuus
1013 1733 1180 1814 permittat:
1201 1731 1321 1792 Princi-

220 1858 274 1919 pes
299 1847 413 1912 autem,
437 1839 611 1917 Capuanum
631 1835 762 1912 scilicet,
791 1845 823 1896 et
842 1833 1083 1896 Beneventanum
1105 1834 1206 1894 Sancti
1223 1835 1321 1896 nostri

221 1940 343 2020 Imperii
364 1939 437 1998 olim
467 1959 588 2016 servos,
615 1958 697 1998 nunc
720 1938 860 2016 rebellet,
887 1939 1024 1998 servituti
1044 1937 1189 2018 pristinae
1212 1937 1321 2002 tradat.
1368 1939 1378 1950 “

222 2043 357 2119 Quibus,
379 2041 541 2100 Dominum
557 2061 671 2119 meum,
693 2041 833 2121 inquam,
856 2041 1040 2122 potentiores
1054 2039 1164 2102 babere
1177 2038 1322 2100 Schlavos

225 2147 314 2206 Petro
336 2143 534 2222 Bulgarcrum
554 2145 646 2222 Rege,
669 2144 721 2222 qui
738 2142 945 2224 christophori
966 2143 1153 2223 Imperatoris
1175 2141 1269 2202 filiam
1286 2141 1323 2200 in

222 2247 394 2325 coniugium
402 2245 491 2305 duxit
501 2245 589 2304 etiam
597 2245 723 2325 ipsinou
734 2245 886 2324 ignoratis.
909 2243 1321 2325 SedCbristophorusmiunt,

221 2369 286 2408 nou
300 2347 577 2428 Porphyrogenitus
591 2347 657 2407 fuit.
700 2349 794 2407 Roma
806 2367 893 2424 vero,
913 2347 1053 2428 inqusm,
1077 2367 1166 2428 qmm
1178 2367 1232 2408 vos
1243 2345 1323 2405 libe-

221 2471 286 2512 ram
315 2471 378 2510 esee
401 2449 481 2510 velle
505 2449 693 2529 perstrepitis
715 2449 764 2508 cui
789 2449 904 2510 serviti
939 2449 990 2510 cui
1014 2451 1126 2510 tributa
1148 2448 1321 2531 persolvit?

193 2553 330 2618 chnne
350 2551 437 2631 prius
452 2551 658 2610 meretricibus
673 2550 842 2610 serviebat?
865 2561 896 2611 et
909 2553 994 2614 vobis
1008 2551 1240 2630 dormientibus,
1260 2551 1323 2612 im-

221 2675 272 2714 mo
297 2675 362 2713 non
382 2651 567 2730 valentibus,
593 2648 739 2712 Dominus
762 2673 845 2714 meus
867 2655 1031 2736 Imperator
1053 2653 1204 2734 Augustus
1221 2673 1239 2713 a
1255 2663 1321 2714 tam

220 2757 307 2837 turpi
321 2755 467 2816 servitute
483 2754 647 2814 liberavit?
670 2757 882 2818 Constantinus
896 2759 1062 2839 Imperator
1077 2757 1245 2836 Augustus,
1266 2756 1321 2835 qui

220 2858 303 2920 hanc
318 2879 357 2918 ex
373 2877 428 2918 suo
441 2855 566 2916 nomine
578 2857 716 2919 condidit
730 2860 898 2938 civitatem,
920 2863 1044 2920 Sanctae
1057 2860 1245 2941 Apostolicae
1257 2861 1321 2919 lto-

178 3025 180 3032 ,
212 2961 326 3022 'manae
347 2961 515 3038 Ecclesiae,
537 2970 658 3021 uteret
680 2963 909 3041 Kosmocrstor,
937 2965 1032 3024 multa
1052 2963 1175 3024 donaria
1192 2959 1321 3023 contulit

219 3085 283 3126 non
302 3064 336 3124 in
352 3064 439 3124 ltslia
458 3064 552 3123 solum
561 3109 570 3141 ,
591 3045 691 3124 sedin
709 3067 844 3126 omnibus
857 3085 933 3146 pone
945 3065 1188 3148 occidentalibus
1202 3064 1320 3144 Reguis,

219 3189 277 3230 nec
300 3189 363 3230 non
380 3167 419 3227 de
433 3166 634 3226 Orientalibus
656 3179 744 3248 atquc
764 3169 952 3246 Meridianis,
976 3167 1101 3228 Graecia
1116 3167 1248 3245 scilicet,
1269 3167 1322 3227 Iu·

221 3271 293 3347 dea,
323 3269 458 3346 Perside,
489 3269 722 3349 Mesopotamia,
752 3271 936 3350 Rabylonis,
969 3271 1122 3350 Aegypto,
1149 3269 1260 3349 Libya,
1287 3275 1323 3327 ut

221 3373 317 3453 ipsius
333 3381 481 3432 testentur
494 3372 669 3452 privilegia,
696 3393 773 3454 quse
784 3393 876 3454 penes
889 3393 943 3432 nos
959 3381 1039 3432 sunt.
1083 3375 1160 3433 Sane
1176 3369 1323 3452 quidquid

222 3475 256 3533 in
269 3475 375 3551 Italia,
397 3473 495 3534 sedin
509 3475 657 3552 Saxonis,
678 3475 830 3553 Baioaria,
853 3475 988 3536 omnibus
1005 3475 1126 3534 Domini
1140 3475 1199 3535 mei
1214 3473 1323 3553 Regnis

189 3585 284 3655 Dest,
312 3576 395 3655 quud
417 3577 456 3635 sd
476 3577 689 3657 Apostolorum
709 3581 869 3640 Bestorum
891 3576 1054 3638 Ecclesiam
1076 3575 1215 3660 respicit,
1244 3577 1324 3634 San-

222 3678 424 3740 ctissimorum
443 3677 658 3758 Apostolorum
673 3681 793 3742 Vicsrio
813 3680 952 3741 contulit.
993 3678 1071 3740 Etsi
1086 3687 1144 3757 est,
1165 3688 1204 3739 ut
1216 3677 1324 3738 Domi-

222 3801 281 3841 nus
301 3801 384 3842 mcus
405 3799 444 3841 ex
465 3781 514 3841 his
535 3782 673 3842 omnibus
693 3782 846 3861 civitates,
873 3783 979 3860 villas,
1006 3781 1134 3858 milites,
1158 3789 1210 3844 aut
1234 3779 1323 3840 semi-

221 3883 295 3944 lism
317 3884 468 3962 obtineat,
501 3883 597 3944 Deum
619 3885 734 3964 negavi.
777 3886 840 3946 Gur
859 3885 1023 3967 Imperator
1042 3903 1117 3946 vero
1136 3904 1199 3944 non
1218 3883 1325 3942 itidem

134 3992 136 3998 '
220 3987 308 4063 facit,
335 3995 371 4046 ut
392 4006 443 4063 ea,
474 4007 550 4068 quae
572 3987 635 4048 suis
658 3987 762 4049 insunt
785 3987 912 4067 Regnis,
940 3987 1153 4070 Apostolorum
1176 3985 1325 4048 Ecclesiae

219 4087 341 4168 reddat,
363 4097 394 4150 et
407 4107 462 4172 per
479 4089 629 4173 laborem,
652 4091 992 4173 atque'muuiiicentiam
1005 4089 1125 4155 Domini
1142 4089 1204 4151 mei
1222 4089 1324 4166 ditem,

256 4291 299 4346 18.
321 4289 354 4344 ld
370 4295 412 4347 est
431 4291 617 4348 Gultostors'ss.
636 4292 713 4348 Gon.
