3038 4796
246 353 324 430 370
555 355 825 426 LUITPRANDI
846 355 1047 425 LEGATIO

246 522 305 585 sita
322 519 417 600 igitur
436 511 554 600 duaeso.
596 515 785 600 Nicephorus
803 537 875 578 cum
896 517 1036 580 omnibus
1051 515 1193 580 Eccleriis
1211 515 1305 580 bomo
1322 519 1361 582 sit

247 625 375 708 impius,
405 623 518 696 livore,
547 641 608 702 quo
634 622 669 680 in
688 643 744 683 vos
768 623 918 700 abundat,
948 621 1281 704 Constantinopolitano
1301 623 1361 683 Pa-

247 727 397 790 triarcbae
420 725 594 806 praecepit,
617 733 652 784 ut
667 723 1080 805 Hydruntinam·Ecclesiam
1101 725 1134 786 iu
1150 723 1360 805 Arcbiepisco-

246 841 337 914 petua
352 829 500 890 honorem
515 827 631 904 dilatet,
651 847 709 887 neo
720 828 878 908 permittat
891 829 925 886 in
937 827 1021 888 omni
1035 827 1148 909 Apulia
1159 848 1211 887 seu
1224 827 1361 888 Calabria

247 934 353 995 Latina
366 931 506 1014 amplius,
521 931 573 992 sed
590 931 703 990 Graeca
714 929 819 992 divina
831 931 974 1010 Mysteria
989 929 1143 991 celebrari.
1180 931 1361 992 Mercatores

249 1035 326 1097 dicit
337 1036 431 1096 fuisse
442 1034 622 1117 praeteritos
634 1034 738 1115 Papus,
752 1043 782 1093 et
793 1035 940 1115 Spiritum
953 1036 1095 1094 Sanctum
1108 1031 1288 1110 vendidisse,
1300 1051 1360 1112 quo
1485 1060 1493 1068 ·

220 1137 444 1202 Brivificantur
465 1145 495 1196 at
513 1145 662 1214 reguntur
680 1137 797 1215 omnia,
820 1137 872 1217 qui
883 1137 981 1217 replet
997 1133 1108 1196 O'rbem
1120 1143 1287 1211 terrarum,
1310 1133 1361 1212 qui

251 1241 410 1303 amentiam
421 1238 513 1300 babet
526 1241 627 1317 vocis,
649 1241 703 1320 qui
719 1249 765 1300 est
780 1261 850 1300 oum
865 1240 927 1298 Deo
946 1237 1035 1298 Patra
1056 1246 1087 1298 et
1103 1235 1180 1298 Filio
1208 1236 1272 1297 eius
1294 1235 1360 1296 lesu

252 1343 373 1404 Christo
397 1350 587 1420 coenemus,
608 1350 639 1402 et
661 1341 972 1419 consubstantialiter,
994 1341 1060 1400 sina
1079 1339 1183 1418 initio,
1205 1338 1270 1400 sina
1289 1337 1360 1414 fine,

252 1465 433 1527 permanens
449 1466 557 1524 verus,
576 1448 625 1527 qui
638 1445 736 1527 pretio
749 1465 814 1506 non
829 1444 1015 1522 aestimatur,
1037 1443 1089 1504 sed
1101 1465 1119 1502 a
1131 1441 1254 1504 mundis
1271 1440 1361 1502 corde

251 1547 332 1608 tanti
355 1548 483 1625 emitur,
504 1549 610 1629 quanti
632 1548 769 1608 babetur.
813 1547 940 1628 Scripsit
958 1547 1063 1627 itaque
1078 1547 1260 1626 Polyeuctus
1278 1544 1361 1604 Con-

250 1649 541 1732 stantinopolitanus
566 1633 740 1712 Paniareba
763 1651 957 1732 privilegium
977 1650 1174 1731 Hydruntiuo
1198 1648 1359 1729 Episcopo,

250 1763 397 1834 quatenus
413 1775 468 1814 sua
484 1754 664 1814 auctoritate
684 1751 794 1813 habeat
812 1754 963 1814 licentiam
981 1754 1149 1835 Episcopos
1165 1748 1359 1812 consecrandi

249 1857 284 1916 in
311 1856 491 1934 Acirentila,
523 1857 669 1934 Tuscico,
701 1856 851 1932 Gravius,
882 1856 1030 1933 Macaria,
1059 1855 1210 1934 Triennio,
1240 1853 1293 1934 qui
1322 1851 1362 1912 ad

251 1957 509 2019 consecrationem
527 1957 646 2017 Domini
661 1957 830 2038 Apostolici
845 1962 996 2040 pertinere
1015 1958 1168 2020 videntur.
1213 1957 1272 2016 Sed
1290 1954 1362 2035 quid

250 2059 311 2122 lsoo
335 2081 514 2135 memorem,
542 2079 613 2120 cum
638 2061 704 2142 ipsa
731 2062 1064 2142 Constantinopolitano
1084 2061 1222 2123 Ecclesia
1241 2068 1362 2121 nostrae

250 2167 377 2226 Sanctae
395 2163 569 2226 Catholicae
597 2173 686 2244 atque
709 2163 899 2246 Apostolicae
917 2165 1066 2226 Ecclesiae
1082 2167 1234 2226 Romanae
1255 2163 1361 2224 marito

227 2267 299 2328 csit
320 2267 478 2328 subiecta?
500 2267 627 2344 Scimus,
643 2267 736 2327 immo
750 2264 887 2329 videmus
906 2269 1272 2352 Constarrtinopolitanum
1286 2265 1362 2346 Epi-

252 2389 378 2452 scopum
394 2371 487 2452 pallio
510 2391 573 2430 non
588 2370 653 2448 uti,
676 2369 734 2430 nisi
749 2371 852 2430 Sancti
869 2373 965 2434 Patris
985 2374 1084 2434 nostri
1098 2371 1256 2454 permissu.
1299 2369 1361 2430 Va-

251 2493 322 2536 rum
343 2495 413 2534 cum
430 2473 626 2555 impiissimus
650 2471 821 2550 Albericus,
853 2495 942 2554 quern
959 2498 1024 2538 non
1043 2477 1182 2537 stillatim
1200 2472 1360 2554 cupiditas,

253 2578 306 2638 sed
323 2577 410 2638 velut
424 2587 543 2638 torrens
564 2575 752 2657 impleverat,
769 2575 935 2640 Romanam
951 2581 1102 2642 civitatem
1118 2579 1176 2640 sibi
1193 2585 1361 2659 usurparet,

254 2682 470 2762 dominumque
492 2679 701 2760 Apostolicum
723 2678 811 2758 quasi
841 2700 962 2743 servum
982 2685 1139 2766 proprium
1163 2681 1196 2740 iu
1223 2677 1362 2740 conclaui

252 2793 388 2864 teneret3
411 2787 564 2844 Romanus
579 2783 746 2864 Imperator
767 2781 863 2842 filium
880 2803 967 2845 suum
981 2785 1240 2868 Theopbylactum
1259 2801 1361 2843 eunu-

252 2887 346 2949 chum
372 2887 576 2949 Patriarcham
597 2884 771 2946 constituit:
802 2905 930 2967 cumque
951 2909 1020 2950 eum
1047 2887 1180 2950 Alberici
1210 2885 1359 2968 cupiditas

204 3005 207 3013 ‘
251 3011 315 3052 non
337 2991 461 3068 lateret,
489 2989 587 3076 missis
612 2988 641 3050 ei
664 2987 838 3049 muneribus
860 2990 931 3050 satis
956 2992 1088 3072 magnis,
1120 2989 1236 3068 effecit,
1264 2998 1302 3050 ut
1320 3007 1360 3049 ex

252 3095 350 3175 Papae
385 3095 507 3155 uomina
536 3091 764 3172 Theopbylaoto
797 3092 988 3156 Patriarebae
1018 3097 1124 3156 literae
1150 3092 1361 3154 mitterentur:

252 3217 311 3278 qua
332 3195 375 3280 89)
397 3197 575 3258 auctoritate
596 3193 768 3274 cumipse,
791 3205 858 3257 tum
879 3219 1067 3259 successores
1084 3197 1149 3259 eius
1169 3197 1280 3276 absque
1297 3195 1360 3256 Pa-

226 3313 365 3383 Dparum
384 3301 535 3381 permissu
551 3298 649 3380 palliis
666 3306 832 3360 uterentur.
872 3300 920 3362 Ex
936 3323 996 3382 quo
1008 3301 1095 3384 turpi
1110 3299 1291 3384 commercio
1313 3295 1360 3360 vi·

252 3403 441 3490 tuperandus
461 3421 526 3462 mos
542 3399 686 3478 inolevit,
708 3409 827 3463 utnon
848 3405 946 3476 solum
966 3403 1173 3483 Patriarobae,
1196 3403 1249 3464 sed
1270 3401 1360 3462 etiam

253 3506 396 3587 Episcopi
417 3505 511 3566 totius
528 3505 670 3565 Graeciae
688 3505 790 3586 palliis
804 3515 938 3570 utantur.
982 3509 1074 3584 Quod
1091 3529 1180 3590 quam
1197 3505 1360 3568 absurdum

252 3608 312 3686 sit,
335 3629 460 3670 censore
477 3629 553 3689 opus
569 3629 633 3668 non
655 3619 711 3670 est.
751 3611 806 3672 Est
820 3631 890 3692 ergo
910 3633 1009 3674 meum
1026 3613 1203 3690 consilium,
1224 3617 1360 3670 sanctam

251 3712 320 3774 lieri
334 3713 499 3793 Synodum,
523 3720 553 3770 et
567 3711 606 3771 ad
619 3713 752 3774 eamdem
768 3715 873 3776 vocari
886 3716 1092 3797 Polyeuctum,
1113 3714 1193 3796 quod
1208 3713 1234 3773 si
1245 3710 1359 3788 venire,

252 3824 284 3876 et
308 3809 469 3898 σφάλματα
488 3835 554 3888 sus,
575 3814 674 3876 idest
693 3815 769 3877 vitia
789 3819 926 3901 superius
938 3819 1067 3901 scripta,
1090 3817 1233 3879 canonica
1254 3833 1359 3876 emau-

253 3905 327 3978 dara
344 3917 491 3997 noluerit,
515 3919 597 3999 quod
615 3919 795 3982 sanctissimi
811 3924 945 3986 canonas
964 3922 1171 4001 decreverint,
1192 3919 1254 3982 liat.
1295 3917 1357 3980 Vos

251 4019 391 4100 interim,
419 4033 629 4104 praepotentes
653 4026 796 4106 Augusti,
823 4035 860 4087 ut
880 4027 1038 4110 coepistis,
1060 4027 1208 4088 laborate:
1236 4021 1357 4100 efficite,

249 4133 303 4204 ut,
325 4124 354 4186 si
370 4127 450 4186 nolit
469 4127 555 4190 vobis
576 4128 780 4212 Nicephorius,
802 4150 890 4213 quem
914 4127 1201 4212 canonice'srguare
1223 4123 1357 4211 disponi·

284 4326 335 4398 89)
357 4327 432 4386 Fert.
448 4345 567 4400 moran.
592 4329 677 4386 Mor.
