2994 4796
280 335 357 414 444
555 412 558 419 .
623 345 661 422 C·
680 345 716 415 u
736 343 854 418 Hssu
870 347 1023 423 NOTAE

279 505 371 570 finem
387 523 492 570 venua
504 501 593 568 habel
609 504 816 611 fflffisffl
837 526 945 574 manu:
963 497 1102 591 Ἐηρόφη
1118 503 1143 589 ’l
1158 509 1298 592 παροῦσα
1315 509 1373 592 ps.

168 608 198 665 Ρ.
214 610 268 668 217
282 617 354 696 βλος
368 612 466 712 οἰκοίη
477 612 552 696 χειρὶ
567 607 686 694 Nassica
707 623 820 677 οισιιοθ.
848 613 893 688 (h.
911 634 937 674 e.
957 615 1241 695 npmcoocatloplou)
1257 613 1309 677 sel
1320 637 1373 697 ys-

278 693 401 782 ηονότος
421 693 486 784 (hac
510 698 611 778 priore
630 699 781 779 scriptura
804 699 842 760 de
861 699 1010 760 industria
1033 716 1114 757 erasa
1135 698 1301 760 interlitum
1321 708 1372 760 est

278 801 370 844 manu
387 801 445 842 sec.
468 783 665 866 δρουγηοιρλον
680 788 736 848 τοῦ
751 785 881 866 πλοΐμου
897 783 969 868 [sicz
990 781 1125 862 sequitur
1146 783 1230 843 locus
1248 783 1369 843 lacera-

277 865 360 948 sasJ)
374 863 512 944 *όντου,
541 861 677 946 οἷδελφοῦ
695 867 778 951 [inde
789 887 896 928 manus
915 866 1025 948 prima]
1047 863 1175 948 Μιχυηλ
1196 869 1369 949 πατρικίου,

276 953 483 1035 πρυιπυσλτου
498 951 550 1014 sol
568 951 692 1032 βέστου,
711 947 869 1062 ηηονότος
887 951 1157 1034 κρυτοβεστιοιηλου
1174 946 1370 1034 Νικηφόρονι

276 1035 338 1100 soii
348 1037 538 1119 φιλοχρίστου
551 1033 715 1100 δεσπότου·
738 1059 824 1112 ουτος
838 1030 933 1101 ου’τοῦ
946 1037 979 1100 ἐν
991 1041 1035 1120 τῷ
1049 1038 1239 1122 δεσμωτηρίῳ
1255 1031 1368 1118 Ἀφρι-

275 1125 348 1202 κῆς,
369 1121 442 1202 μηνλ
452 1121 645 1208 ’Σειττεμβρίῳ
662 1121 719 1184 λνδ.
732 1118 767 1185 ι’·
788 1121 840 1184 sal
856 1115 987 1202 ἐπεδόθη
1001 1121 1034 1186 ἐν
1043 1125 1089 1206 ,τῷ
1101 1125 1167 1207 ναῷ
1179 1144 1196 1183 τ
1213 1121 1293 1195 [inde
1307 1121 1367 1180 de-

273 1225 338 1266 nuo
354 1225 459 1265 manas
475 1207 621 1283 secunda,
643 1205 732 1267 erssis
750 1215 814 1266 arte
831 1206 992 1287 prioribus]
1009 1209 1049 1269 οὕ
1063 1204 1150 1289 clyton
1169 1205 1221 1268 κοιλ
1238 1200 1366 1281 ἐνδόξου

275 1284 535 1374 μεηοιλομόητυρος
550 1293 699 1374 Γεωργίου
713 1295 768 1354 τοῦ
780 1287 916 1372 Ὅριότου
933 1287 1020 1374 [sic],
1041 1290 1170 1370 πλησίον
1182 1286 1366 1372 Θεομόηφου

275 1374 350 1456 [sica
376 1375 512 1454 sequitur
527 1395 619 1435 manu
634 1375 743 1456 prima]
759 1375 792 1439 ἐν
813 1375 870 1440 ἔτει
885 1370 997 1458 scoti,
1017 1375 1075 1438 δνδ.
1092 1369 1139 1438 ιδ’.
1179 1374 1285 1452 Vides,
1305 1395 1367 1455 pro

274 1458 396 1519 nomine
413 1459 571 1538 ecclcsiae,
593 1461 643 1520 cui
661 1461 725 1541 ipse
742 1461 859 1521 Nicetes
874 1459 1045 1521 Codicema
1064 1479 1095 1520 se
1109 1458 1254 1540 scriptum
1270 1461 1367 1520 obtu-

216 1605 220 1615 ,
274 1541 366 1620 leret,
388 1563 498 1605 nomen
508 1545 645 1624 alterius,
665 1565 755 1626 penes
769 1565 857 1625 quam
869 1546 1016 1626 posterius
1031 1543 1248 1619 asservabatur,
1270 1543 1368 1604 fuisse

275 1627 478 1691 substitutam.
524 1630 630 1689 Totam
649 1631 898 1710 subscriptionem
917 1631 1061 1690 dederunt
1083 1629 1144 1688 iem
1163 1629 1368 1688 Montefalco-

273 1713 342 1772 nius
356 1713 565 1794 Palaeograph.
582 1716 633 1781 45.
648 1716 683 1774 Α.
699 1725 729 1775 et
747 1717 937 1776 confectores
952 1714 1083 1792 catalogi
1103 1711 1365 1775 ωεε.ΒίΒ11011ικο.

273 1797 345 1876 lieg.
360 1799 396 1861 11.
412 1799 463 1865 74.
478 1801 513 1858 D.
528 1801 570 1859 ite
583 1809 699 1877 tamen,
718 1809 754 1860 ut
769 1800 857 1860 aliter
870 1800 1002 1878 legerent
1016 1809 1103 1878 atque
1118 1817 1171 1878 ego
1185 1797 1218 1856 in
1232 1797 1366 1857 minimis

273 1883 465 1962 quibusdam,
487 1903 563 1963 quae
577 1885 656 1944 tanti
669 1903 731 1944 non
744 1895 816 1944 sunt
830 1893 866 1944 ut
883 1883 934 1943 hic
952 1885 1128 1946 referantur.
1171 1882 1284 1958 Annus,
1301 1902 1367 1962 quo

246 1967 428 2047 Bpersrntus
449 1977 495 2028 est
514 1969 630 2047 Codex,
658 1969 791 2030 cxcmrit
809 1969 843 2030 in
862 1990 888 2029 a.
905 1967 1016 2028 Christi
1036 1973 1113 2035 967:
1143 1987 1202 2046 qao
1222 1968 1367 2026 ecclesiae

273 2051 419 2129 domtus,
446 2053 481 2112 in
500 2074 527 2118 a.
547 2059 619 2122 971.
637 2063 840 2134 monstratque
855 2053 1022 2136 scriptura,
1044 2051 1127 2112 hunc
1142 2052 1274 2112 ilicetum
1289 2052 1366 2112 lite-

271 2146 371 2199 rstum
386 2137 477 2198 luisse
491 2157 618 2216 suaeque
636 2139 755 2217 linguae
769 2157 894 2217 grictam
911 2137 1079 2198 hominem:
1103 2136 1190 2196 cuius
1203 2137 1229 2196 si
1244 2145 1366 2196 uotum

272 2242 305 2281 sa
318 2223 495 2282 declarasset
506 2223 656 2300 ingenium
667 2225 747 2284 bello
759 2223 905 2299 obeundo,
927 2232 1040 2302 quanta
1052 2223 1084 2280 in
1100 2221 1210 2280 Codice
1221 2241 1366 2302 pergran-

271 2306 304 2366 ‹li
321 2307 470 2366 exarando
489 2307 585 2367 eluxit
604 2307 766 2391 patientia,
795 2327 852 2369 nae
872 2308 948 2368 bene
965 2318 1032 2368 tum
1053 2306 1194 2368 Romanis
1211 2307 1244 2365 in
1260 2305 1366 2366 Sicilie

270 2391 375 2452 suisset
387 2393 566 2452 consultum.

283 2557 331 2620 hu
354 2475 510 2620 IbidBlin.
528 2481 578 2544 20.
606 2470 724 2562 η’νιόθη
747 2473 804 2562 μὲν
828 2475 880 2542 κοιλ
900 2523 909 2544 .
933 2519 946 2546 .
964 2473 1088 2560 ἤλγησε]
1116 2473 1259 2558 Respexit
1281 2473 1365 2554 Aga-

268 2566 284 2619 t
306 2560 314 2576 '
332 2579 362 2619 m
374 2564 425 2625 73.
465 2605 473 2620 .

353 2641 430 2705 laid.
452 2646 507 2705 lin.
528 2645 579 2711 21.
600 2637 745 2732 οἷλλοκότςο
768 2639 971 2730 συμβόμοτκ]
998 2645 1056 2706 Hic
1081 2643 1184 2710 deficit
1214 2643 1365 2706 combefi-

267 2727 351 2788 siana
371 2729 486 2805 versio,
502 2727 572 2807 P.gi
584 2729 632 2795 1v.
653 2733 701 2795 13.

351 2816 430 2893 Pag·
448 2819 497 2880 68.
519 2815 573 2872 lin·
594 2815 624 2880 4·
654 2813 796 2878 ἴσεισενδ
811 2811 885 2890 Θεός
899 2813 984 2897 μέγα]
1005 2812 1064 2874 Hic
1075 2823 1118 2874 est
1131 2823 1225 2874 terrae
1244 2821 1361 2890 motus,

268 2917 357 2978 quem
379 2899 528 2958 Cedrenus
541 2899 579 2958 ll.
598 2904 670 2967 660.
688 2900 721 2962 ll.
738 2899 880 2960 accidisse
902 2899 945 2978 ait
961 2899 1066 2960 indict.
1084 2918 1128 2960 xa.
1146 2899 1184 2980 [a.
1205 2896 1359 2977 968.]1V.

266 2983 345 3044 Non.
361 2983 526 3064 septembr.
541 2983 616 3046 hors
630 2984 727 3044 noctis
743 2982 942 3045 duodecima:
963 3003 1033 3043 nam
1050 3003 1107 3063 pro
1123 2979 1151 3066 β’
1170 2983 1204 3042 in
1218 3001 1291 3041 cuso
1305 3001 1359 3043 rc-

265 3069 356 3128 stitue
373 3065 413 3149 ιβ’
419 3114 427 3146 ,
449 3089 488 3129 ex
500 3067 624 3130 Cedreni
637 3078 667 3129 et
681 3069 829 3149 Scylitaae
845 3069 937 3132 eone
952 3089 1020 3128 mss.
1034 3068 1126 3128 Paulo
1141 3077 1225 3145 ante,
1248 3087 1361 3146 nempe

264 3153 364 3234 pridie
383 3155 458 3218 Non.
477 3155 542 3214 lun.
562 3153 654 3213 haim
676 3175 702 3215 a.
720 3159 800 3231 968,
822 3153 1112 3233 Constantinopolim
1128 3161 1252 3215 venerat
1265 3153 1360 3211 Luit-

262 3239 412 3320 prendus,
436 3239 562 3306 Ottonis¹
575 3239 673 3317 Magni
690 3239 730 3298 ad
742 3239 943 3320 Nicephorum
961 3239 1093 3318 legatus,
1112 3248 1148 3298 at
1168 3237 1233 3318 ipse
1251 3247 1358 3314 pastor

264 3333 309 3383 est
321 3326 418 3403 Legat.
432 3325 470 3385 ad
481 3323 608 3404 Niceph.
628 3321 717 3383 Phoc·
737 3325 807 3392 135.
823 3325 857 3384 Β.
885 3323 1038 3398 Quantum
1049 3324 1089 3384 sd
1102 3323 1263 3385 dictionem
1277 3320 1309 3382 h.
1321 3322 1360 3402 L,

263 3409 332 3472 fons
344 3409 516 3469 imitationis
530 3409 582 3468 hic
596 3427 717 3488 quoque
731 3418 776 3468 est
790 3407 929 3488 Agathias
943 3408 993 3475 61.
1011 3409 1042 3471 (l.
1061 3409 1096 3471 Ι).

347 3493 425 3554 llus.
448 3495 502 3555 lin.
523 3499 554 3561 9.
575 3494 681 3557 Αἴτιον
697 3490 731 3556 cll
748 3499 806 3573 τῆς
817 3489 965 3573 τοσαύτης
979 3487 1116 3574 ἓνόοευς]
1138 3491 1219 3554 Haec
1235 3511 1359 3573 quoque

236 3584 305 3638 cex
318 3577 442 3657 Agathia
458 3581 508 3647 69.
521 3580 555 3638 B.
570 3587 617 3656 et,
635 3577 687 3638 ubi
703 3578 810 3638 similia
826 3579 864 3639 de
882 3579 978 3639 causis
997 3588 1094 3638 terrae
1111 3587 1260 3654 motuum,
1283 3579 1358 3645 149.

262 3663 297 3724 Β.
315 3683 350 3722 ac
365 3665 436 3730 151.
446 3664 481 3723 Β.
500 3664 603 3742 Neque
617 3663 673 3722 alia
688 3664 749 3724 sere
764 3665 925 3746 explicatio
940 3673 1037 3724 terrae
1050 3672 1188 3737 motuum
1201 3663 1235 3722 in
1245 3663 1358 3722 Codice

262 3749 354 3827 Regio
368 3746 493 3830 physica
506 3767 540 3808 sc
552 3749 691 3808 botsnica
702 3749 785 3808 varie
797 3769 866 3811 mss.
880 3749 1061 3810 continenti:
1082 3746 1115 3811 ‘0
1127 3745 1245 3827 σεισμός
1258 3741 1358 3821 οὕτως

262 3835 390 3917 γίνεται·
405 3831 429 3915 η
442 3837 484 3916 γῆ
499 3832 558 3914 ἔχει
570 3829 683 3914 φλέβας
693 3828 845 3916 depressio,
858 3834 976 3898 ἔνθαοὶ
988 3829 1094 3914 ἄνεμοι
1109 3827 1356 3916 conuenientes.

263 3918 325 3981 Καὶ
341 3915 481 4028 sinopis
494 3917 528 3982 iv
538 3921 578 4003 τῇ
589 3919 698 4004 καρδίᾳ
711 3925 766 4001 τῆς
776 3923 833 4002 γῆς
842 3917 919 3983 siolo
928 3923 1064 3982 πλατεῖαι
1076 3916 1127 3980 sal
1142 3911 1307 3999 εόρόχυροι
1321 3916 1360 3978 ολ

260 4002 371 4085 φλέβες
386 4026 484 4080 οιοεαι,
499 3999 575 4066 snei
590 3999 622 4066 δδ
635 3999 691 4084 τὴν
705 4000 782 4084 ὄψιν
794 4009 849 4085 τῆς
860 4009 918 4087 γῆς
932 4003 991 4066 elol
1002 4003 1163 4066 στενυιτοίε
1189 3999 1357 4081 Πληθυμέ-

259 4111 323 4151 νυν
342 4086 446 4152 λοιιτδν
465 4093 528 4151 τόν
543 4092 600 4168 φλε
621 4091 665 4151 οἷν
687 4085 812 4153 ἐκείνων
833 4083 963 4170 dripere,
977 4091 1118 4151 κινοῦσιν
1131 4087 1164 4149 ol
1174 4082 1280 4167 ἄνεμοι
1295 4087 1358 4148 τοῦ

141 4169 149 4194 ’
258 4171 432 4254 ἐξέρχεσθοιι
445 4173 509 4250 ἔξω.
525 4178 628 4248 Πολνς
642 4169 729 4238 allois
743 4173 760 4238 δ
775 4171 885 4255 ἄνεμος
894 4167 1200 4276 canopicon-mione
1211 4166 1357 4250 κη’νιτλη-

259 4255 422 4333 retrocco-o
436 4264 504 4340 γῆν,
514 4253 553 4323 ου’
564 4263 667 4322 κᾶστιν
678 4257 713 4321 δὲ
725 4254 783 4340 την
798 4263 867 4368 ηῆν,
877 4255 952 4322 anal
965 4279 1056 4338 μονον
1063 4251 1120 4336 τὴν
1134 4252 1359 4338 κυρωτεψόεην

257 4341 363 4410 ἐκεῖσε.
385 4343 448 4410 Kul
460 4338 548 4429 μήτις
562 4337 780 4432 αἰτιοτῇτοῦτο.
802 4341 874 4410 local
884 4340 1000 4430 γὰρκαὶ
1015 4333 1356 4426 δνόμῖνηλνεεοιτόιτο-
