3038 4796
143 867 174 922 Ρ.
191 865 242 922 615

258 387 334 462 840
674 396 960 466 PHILOPATRlS

259 560 360 648 ἔλεγον
384 559 443 648 yolo
458 557 587 644 ,,ἦλιόυς
601 559 674 626 δίκα
688 561 789 629 ῶσιτοι
804 565 1023 648 διαμενοῦμεν,
1052 563 1103 627 καλ
1122 560 1171 626 tat
1185 557 1359 647 παννύχους

258 662 413 754 ύμνῳδύας
426 665 686 748 ἓπαγρυπνοῦντες
698 663 915 754 ὀνειρώττομεν
928 664 970 730 coi
980 664 1141 730 τοιαῦτα.”
1158 668 1299 732 ΤΡΙΕΦ.
1309 666 1358 732 so

259 770 294 834 δὲ
313 770 347 833 τί
360 766 436 855 πρὸς
459 766 572 842 αύτούς
587 767 728 852 εἶ’ρηιιαςς
753 769 831 855 μέγα
847 769 907 854 ηιλρ
924 767 1043 856 ἔφησαν
1056 769 1109 834 ’καλ
1123 768 1355 854 διηπορημένον.

258 873 374 938 ΚΡΙΤ.
412 867 545 954 Θάρσει,
574 869 629 934 ούκ
653 871 790 956 ἀγεννὲς,
818 872 958 936 ἀντεῖπον
972 870 1031 957 γὰρ
1044 869 1083 934 τὰ
1098 865 1255 936 κάλλιστα.
1290 871 1359 950 „ul

256 973 316 1061 ηδρ
331 971 416 1058 παρὰ
433 979 495 1038 τῶν
508 970 899 1060 ἀστικῶνθρολλούμενα,”
914 973 1001 1060 ἔφην,
1017 974 1111 1059 ,·,περλ
1125 969 1223 1054 ύμῶν,
1242 967 1386 1042 δπύτοιν5

258 1077 484 1162 δνειροπολεῖτε,
500 1074 539 1139 τὰ
555 1073 682 1140 τοιαύτά
692 1103 751 1142 που
765 1074 1034 1164 παρεισάγονται.”
1049 1075 1077 1140 oi
1094 1075 1127 1140 δι’
1140 1072 1358 1160 σεσηρδςδπο-

257 1182 441 1264 μειδιῶντες,
456 1175 543 1258 ,ἔξω
557 1204 616 1242 που
630 1180 834 1265 παρέρχονται
847 1185 903 1244 τοῦ
919 1176 1097 1244 κλινιδίου.”
1111 1169 1149 1261 ἦν
1166 1177 1199 1241 δ’
1216 1176 1284 1262 tyni,
1302 1179 1357 1258 „el

259 1281 365 1366 ἀληθῆ
388 1283 445 1344 εἶσι
470 1285 587 1361 ταῦτα,
617 1274 812 1366 ῶαῗθέριοι,
841 1281 897 1347 ούκ
920 1280 957 1346 ῶν
975 1305 1049 1346 ποτε
1061 1278 1209 1366 ἀσφαλῶς
1225 1280 1265 1348 τὰ
1280 1281 1356 1362 μύλ-

257 1390 352 1450 λοντα
383 1379 583 1466 ἓξιχνεύσητε·
615 1383 694 1450 ἀλλὰ
718 1383 973 1459 καταικισθέντες
1001 1381 1058 1448 ὕπ’
1084 1382 1188 1448 αὐτῶν
1208 1379 1354 1469 ληρήσετε

145 1545 148 1554 .
258 1486 300 1552 τὰ
323 1483 366 1569 μὴ
392 1484 482 1566 ὄντα,
510 1486 589 1570 μηδὲ
608 1485 804 1571 γενησόμενα.
839 1487 918 1552 ἀλλὰ
937 1493 1036 1552 ταῦτα
1053 1485 1110 1567 μὲν
1124 1484 1180 1550 oda
1194 1481 1256 1551 οἷδ’
1273 1482 1355 1560 ὅπως
1364 1499 1401 1556 10

107 2125 110 2138 ·
145 2113 177 2168 1².
193 2110 245 2168 616

260 1593 396 1674 ληρεῖτε,
433 1588 559 1674 ὀνείροις
589 1588 798 1670 πιστεύοντες,
833 1592 884 1654 καὶ
906 1589 946 1656 τὰ
968 1586 1116 1654 κάλλιστα
1136 1585 1353 1668 βδελύττεσθε,

259 1702 324 1767 τοῖς
339 1691 372 1756 δὲ
384 1701 528 1777 πονηροῖς
540 1690 664 1776 ἥδεσθε,
692 1695 788 1776 μηδὲν
802 1690 959 1775 ὀνούμενοι
972 1697 1028 1758 τού
1041 1687 1261 1775 βδελύγματος.
1277 1687 1355 1756 ὥστε

259 1791 361 1860 ἐάσετε
375 1795 431 1871 τὰς
445 1793 631 1872 ἀλλοκότους
643 1793 760 1870 τούτοις
772 1797 955 1882 φαντασίας,
972 1796 1023 1860 καλ
1036 1793 1077 1858 τὰ
1091 1793 1211 1880 πονηρὰ
1225 1789 1354 1878 βουλεύ-

258 1923 362 1980 ματα,
390 1899 441 1962 ιιαλ
465 1895 683 1982 μαντεύματα,
710 1895 754 1982 μή
777 1925 836 1964 που
861 1897 936 1973 θεὸς
957 1893 1083 1980 detecte
1097 1891 1232 1980 κόρακας
1248 1891 1352 1978 βάλοι,

260 2001 311 2066 διδ
323 2002 360 2066 τὸ
370 2007 409 2086 τῇ
423 2003 546 2091 πατρίδι
563 2003 750 2089 ἐπαρᾶσθαι,
770 2003 820 2066 καὶ
835 1997 943 2085 λόγους
958 1996 1122 2083 κιβδήλους
1136 1998 1354 2086 ἐπιρημύζειν.”
1364 2015 1400 2071 15

258 2101 340 2192 (κζ.)
353 2095 446 2170 Οὗτοι
456 2104 489 2168 δὲ
500 2101 631 2180 ἅπαντες
645 2105 698 2168 ἵνα
710 2101 941 2188 θυμδνῖχοντες
954 2104 1021 2185 ἓμολ
1038 2101 1137 2168 πολλὰ
1144 2102 1355 2189 κατεμέμφον-

257 2232 303 2272 το.
332 2210 381 2272 καλ
396 2211 423 2270 el
433 2203 548 2288 βούλει,
564 2211 615 2274 καὶ
629 2204 669 2273 τά
684 2231 717 2292 γε
733 2213 895 2294 προστιθῶ
913 2231 978 2286 σοι,
997 2201 1087 2270 ἅτινά
1099 2230 1138 2286 με
1155 2203 1263 2281 καλῶς
1277 2201 1355 2288 στή-

257 2315 315 2394 λην
332 2309 466 2376 ῶναοδον
483 2310 615 2392 ἔθηκαν,
642 2311 747 2396 με’χρις
769 2306 841 2393 riri]
860 2305 981 2396 χρηστή
996 2331 1053 2374 σου
1066 2307 1155 2372 tetri
1170 2303 1355 2392 λιθούμενον

258 2412 393 2491 ἀνύλυσε,
421 2415 470 2476 κατ’
487 2411 655 2498 ἄνθρωπον
671 2411 904 2496 ἀπεκατέστησε.
943 2415 1085 2477 ΤΡΙΕΦ.
1113 2413 1201 2496 Σύγα,
1231 2403 1354 2496 uiltor-

257 2515 309 2578 τύα
317 2563 328 2594 ,
356 2515 406 2580 κοιλ
426 2513 470 2598 μὴ
479 2525 482 2531 ’
491 2512 700 2601 ύιιερεκτείνης
713 2513 786 2590 τοδς
800 2513 927 2591 ὕθλους.
964 2510 1040 2604 δρᾷς
1053 2512 1112 2600 γὰρ
1125 2509 1167 2589 ῶς
1183 2511 1400 2598 ἐξῶρκωταίὶο

256 2641 319 2699 μου
341 2613 361 2700 ἦ
382 2615 492 2699 νηδδς,
518 2619 568 2682 καλ
583 2615 686 2704 ῶσπερ
701 2624 863 2704 νυοηορῶ·
890 2613 1027 2702 ἐδήχθην
1044 2616 1102 2704 γὰρ
1117 2625 1182 2692 τοῖς
1195 2616 1283 2704 παρὰ,
1295 2621 1353 2682 σού

256 2715 367 2804 λύγοις,
384 2715 426 2794 ῶς
439 2715 499 2784 riuti
513 2720 601 2798 κυνὸς
619 2725 808 2797 λυττῶντος·
834 2721 885 2787 καὶ
901 2723 928 2785 ελ
940 2719 984 2805 μὴ
1000 2717 1164 2812 φάρμακον
1180 2719 1353 2804 ληθεδανὸν

227 2840 234 2856 ·
325 2884 368 2939 12
394 2877 551 2954 ύνούμενοι]
569 2887 609 2939 λιι
625 2882 777 2955 δνολμενοιθ
793 2883 858 2939 Pell.

255 3023 325 3084 runt,
336 3025 414 3090 „post
426 3019 512 3075 decern
525 3021 621 3076 dierum
633 3022 738 3088 ieiunia,
749 3023 843 3094 quibua
852 3022 991 3106 pervigiles
1004 3023 1120 3076 cantibus
1128 3026 1216 3076 noctes
1227 3019 1351 3086 ducimus,

254 3090 318 3142 tolia
331 3090 509 3148 aornniatnus.’'
546 3092 689 3145 TRliiPH.
709 3094 762 3146 Sed
774 3100 802 3146 tu
816 3095 878 3162 qurd
892 3095 926 3146 ad
939 3092 1004 3146 ibat
1022 3110 1138 3162 magnum
1152 3093 1218 3146 enirn
1232 3092 1351 3162 quiddam

255 3158 390 3223 dixerunt,
408 3159 526 3228 quodque
548 3162 649 3214 multem
668 3161 843 3231 quaestionem
863 3163 964 3217 habeat.
999 3161 1095 3216 Clll'l'.
1113 3163 1185 3214 Bono
1207 3180 1236 3214 ee
1254 3161 1350 3214 arnmot

254 3227 318 3280 nibil
326 3228 444 3296 ignorum
454 3229 516 3291 dini,
528 3231 573 3282 sed
580 3231 748 3298 pulcherrime
754 3230 871 3300 equidem
877 3248 991 3284 causeam
1003 3231 1042 3284 ita
1049 3232 1152 3300 peregi:
1166 3230 1280 3294 „etenim
1291 3246 1352 3282 rere

254 3305 329 3360 eunt,
346 3315 413 3366 quae
427 3299 518 3350 urbani
531 3299 643 3352 homines
656 3317 735 3368 saepe
748 3300 781 3352 de
793 3300 868 3353 vobis
881 3299 985 3366 dicunt,
1001 3301 1186 3353 somniantibus
1198 3300 1271 3352 vobio
1288 3299 1352 3352 tolia

254 3365 406 3434 obrepunt.”
440 3366 482 3419 llli
495 3383 555 3419 vero
572 3367 662 3420 canino
678 3369 744 3422 rictu
762 3369 933 3432 subridentes,
949 3376 1041 3432 „erm
1053 3377 1136 3422 tauron
1151 3367 1295 3431 lectulum,”
1311 3367 1352 3420 iu-

254 3436 353 3503 quiunt,
367 3435 631 3498 „nobisobveuiunt”
656 3437 724 3490 Tum
733 3454 791 3506 ego,
804 3437 971 3502 „eirrtverm”
984 3439 1095 3506 inquam,
1110 3439 1190 3500 ‚,ieta‚
1204 3455 1219 3490 o
1232 3437 1351 3490 eubliuree

254 3502 367 3566 animae,
384 3522 508 3572 nunquam
522 3513 606 3558 tamen
619 3511 677 3558 tuto
692 3523 758 3575 quae
772 3507 858 3560 futura
871 3517 930 3560 aunt
942 3507 1178 3574 investigaveritis,
1196 3507 1242 3558 sed
1257 3506 1351 3560 vestris

252 3569 545 3694 {tibitibi
564 3577 1013 3698 tlttltttttl‘rtttillt
1026 3574 1351 3698 ttffltttttffli

250 3704 396 3762 nestieaima
408 3727 473 3780 quae
485 3660 726 3777 suntqsrersemini,
743 3713 815 3766 malis
831 3719 914 3768 autem
928 3712 1102 3775 delectemini,
1119 3713 1198 3781 idque
1221 3681 1350 3764 conluui-

251 3773 301 3828 lom
316 3794 347 3830 ex
359 3785 410 3832 tam
423 3780 569 3833 detestabili
582 3782 695 3834 facinere
709 3782 800 3834 bonum
815 3799 892 3836 conse
910 3782 1011 3836 bamini.
1036 3782 1155 3835 Omittite
1167 3781 1249 3850 igitur
1261 3782 1351 3834 abeur-

250 3843 285 3898 (la
297 3845 342 3898 illa
354 3853 453 3900 emotae
464 3849 554 3902 mentis
567 3849 688 3913 ludibria,
700 3851 817 3920 malaque
831 3801 938 3904 consilia
949 3868 981 3903 ac
993 3850 1191 3920 praedictiones,
1206 3867 1239 3902 ne
1247 3850 1349 3919 quando

249 3913 335 3978 Deus,
353 3933 384 3967 eo
398 3917 465 3984 qood
479 3918 588 3987 pessime
602 3919 707 3971 Patriae
720 3919 874 3989 precamini,
891 3920 1048 3988 fallacesque
1062 3925 1163 3972 vestros
1176 3935 1304 3972 sermones
1316 3917 1351 3971 ad

248 3981 331 4052 ipsum
344 3985 448 4037 refertis
459 3993 597 4050 auctorem,
611 3988 636 4038 in
650 3987 738 4040 malam
749 4005 802 4042 rem
811 4007 857 4043 vos
867 3988 1012 4058 proiiciat.''
1025 3988 1164 4056 (xxvtt.)
1176 3987 1212 4040 Hi
1225 4005 1288 4042 uero
1300 4005 1350 4040 uno

249 4068 336 4105 omnee
344 4053 517 4108 animomultis
525 4073 564 4106 me
575 4055 722 4125 obiurgare,
734 4065 770 4122 et,
784 4059 806 4111 si
818 4059 867 4122 vis,
881 4059 929 4111 iam
941 4075 973 4112 ea
980 4057 1106 4120 adiiciam,
1121 4074 1186 4126 quae
1198 4057 1349 4126 qaasioolu-

248 4135 330 4174 tunam
338 4121 462 4191 elinguem
476 4141 516 4178 me
525 4125 620 4188 iecere,
628 4125 710 4178 donec
719 4127 892 4180 salutarisilla
905 4135 951 4180 tua
962 4125 1082 4180 allocutio
1091 4127 1140 4180 iam
1149 4127 1349 4180 saxeamembre

246 4191 362 4257 resolvit,
377 4192 521 4261 hominique
533 4209 573 4245 rue
588 4193 708 4246 restituit.
734 4197 881 4250 Ttttttt’fl.
895 4195 967 4259 Quin
983 4203 1050 4258 tace,
1064 4195 1155 4259 Critia,
1169 4212 1255 4264 neque
1267 4211 1349 4264 nugae

247 4259 357 4313 extende
369 4261 484 4330 amplior.
514 4262 595 4314 Vides
609 4262 674 4316 enim
685 4271 715 4316 ut
728 4266 789 4318 milri
804 4273 894 4318 venter
909 4265 1065 4328 intumuerit,
1079 4271 1107 4318 et
1120 4272 1240 4334 tanquam
1250 4271 1349 4318 uterum

246 4336 353 4396 gestem.
388 4329 455 4384 Tuis
466 4330 563 4454 quippe
576 4333 733 4385 sermonibus
746 4342 775 4388 ut
789 4352 806 4387 a
817 4335 907 4388 rabido
923 4351 986 4387 cane
998 4351 1096 4388 moraue
1106 4351 1168 4386 euru.
1198 4337 1284 4402 Atque
1297 4331 1349 4386 nisi

247 4405 329 4454 mute
340 4415 467 4471 procuran
486 4417 517 4456 ae
528 4399 651 4454 oblivioni
660 4403 788 4458 medicina
799 4405 985 4475 conquiescam,
996 4403 1055 4474 ipsa
1064 4403 1105 4458 rei
1115 4401 1260 4458 recordatio
1270 4402 1298 4455 iu
1308 4417 1349 4454 are
