2994 4796
278 365 354 450 434
621 371 1022 443 couesnrtornn

255 523 258 530 ’
280 533 470 615 κεκοιννμίον
477 535 527 602 89.
541 533 574 596 C.
592 530 873 615 (quodvoesbulum
887 541 1005 594 nonest
1017 531 1049 594 in
1060 528 1212 611 Lexieis):
1234 525 1269 594 sd
1282 527 1375 616 stede-

279 621 518 785 wwlqdhiiho.
541 705 595 765 lin.
619 707 646 768 1.
665 700 924 786 ’ΤιιεψιδυρίζετοῙ
945 702 1035 784 Apud
1054 701 1177 764 Cedren.
1196 699 1234 762 Π.
1250 699 1323 768 649.
1338 699 1372 762 Β.

279 789 421 871 διεδέχετο
436 787 470 852 δὲ
484 787 536 851 καί
550 787 636 870 λόγος
654 787 827 868 δκανιαχοῦ
835 807 842 822 ·
863 807 969 850 vereor
984 799 1124 850 streete.
1167 786 1297 865 Scylitss
1316 805 1371 849 ms.

279 872 327 959 (in
352 875 445 935 Codd.
460 885 539 934 certe
553 893 630 953 quos
642 871 735 956 vidi):
757 873 808 934 καί
822 867 910 955 λόγος
926 871 960 936 δὲ
975 872 1081 952 ἐφοίτα
1094 874 1129 946 [f.
1145 870 1293 950 διεφοίτα]
1316 867 1372 933 eise.

278 981 341 1020 non
365 958 510 1023 διεδίτοεο
531 959 611 1039 [sic]
622 1001 629 1030 ,
652 957 733 1038 qnod
755 955 877 1018 effertur
889 957 921 1016 in
940 979 992 1018 ore
1010 957 1149 1018 editionis
1164 955 1372 1016 cottonianae.

278 1045 368 1106 Paulo
380 1044 507 1104 inferius
522 1044 602 1124 apud
617 1044 738 1105 Cedren.
758 1043 829 1109 649.
846 1043 881 1103 D.
893 1043 947 1103 lin.
962 1049 991 1110 9.
1007 1063 1063 1126 pro
1079 1042 1262 1125 ίνορκοῦντοι
1277 1039 1372 1103 tote.

276 1129 343 1194 ίινιο
364 1133 484 1193 κοῦντοι.

247 1215 271 1269 G
345 1153 443 1274 ρίόίὶί.
465 1215 520 1271 lin.
543 1216 593 1278 12.
617 1203 847 1290 κατεδοσοίνιησε
866 1207 920 1274 τόν
940 1205 1085 1296 οἷρχιερίν]
1109 1209 1285 1272 Praesertim
1300 1210 1372 1289 Sty·

278 1299 360 1358 liano
379 1300 514 1373 iurante,
535 1297 654 1358 nullum
673 1315 710 1355 ex
733 1294 964 1374 Theophsnonis
988 1297 1088 1357 liberis
1107 1317 1124 1354 a
1145 1295 1313 1375 Nicephoro
1334 1295 1373 1353 de

276 1384 424 1463 baptismo
445 1403 506 1442 esse
522 1391 712 1462 susceptum,
734 1391 767 1440 ut
778 1383 911 1442 referunt
924 1381 1072 1442 cedrenus
1088 1389 1118 1441 et
1135 1381 1253 1460 Glycns.
1282 1377 1372 1458 Apud

278 1489 366 1547 quern
382 1473 453 1533 306.
473 1467 507 1525 Β.
521 1476 591 1546 post
609 1461 660 1532 τόν
673 1463 840 1531 Στολιοινδν
863 1467 957 1527 codd.
981 1468 1106 1544 addunt,
1128 1464 1206 1548 ιίιεὲρ
1219 1469 1276 1529 τοῦ
1286 1465 1371 1545 βασι-

277 1551 350 1627 λέως
367 1546 526 1632 όμνόοντοι.
1107 1567 1118 1590 ·

361 1653 439 1715 Ibid·
459 1655 512 1716 lin.
538 1657 588 1720 18.
611 1647 707 1728 Ariete
730 1649 763 1716 δί
787 1649 869 1735 πυροί
893 1649 951 1734 τήν
971 1644 1289 1715 Κωνσκαντινοόπολιν
1308 1649 1372 1711 δια·

277 1731 433 1822 χειμόξων]
458 1739 622 1800 Victoriam
641 1739 745 1798 Ioann.
768 1737 928 1796 Tzimiscee
945 1737 1108 1798 sGedreno
1128 1737 1165 1799 11.
1184 1735 1256 1802 654.
1270 1736 1303 1798 Β.
1317 1753 1371 1794 ce-

276 1825 420 1884 lebratam
442 1824 474 1884 in
497 1826 568 1884 enni
581 1828 654 1892 963.
675 1833 833 1895 autumno,
855 1821 934 1881 hanc
946 1821 1074 1882 hiemem
1089 1820 1293 1903 praecedenti,
1315 1839 1370 1878 ec.

277 1910 385 1970 cidisse
403 1910 582 1970 credendum
601 1918 654 1969 est.
696 1909 764 1982 Quo
776 1907 810 1966 in
820 1907 888 1967 loco
904 1907 1030 1967 cedreni
1044 1917 1115 1988 post
1127 1907 1225 1982 verbs,
1248 1903 1291 1978 είς
1301 1925 1371 1966 τινα
1487 1915 1488 1920 ’

275 1988 372 2072 λόφον
393 1989 541 2075 δύσβατον
561 1993 613 2056 καί
627 1988 820 2092 όινόκρνμνον
840 1991 885 2072 [1.’
904 1987 1110 2074 οίπόκρημν.],
1131 1990 1214 2065 πεζοὶ
1226 1986 1298 2063 νοός
1314 1989 1371 2052 ’ίιι-
1487 2011 1488 2054 ι

277 2101 354 2153 nove
375 2079 414 2160 [f.
436 2083 493 2142 κου’
513 2077 628 2158 ἵππον]
650 2073 832 2158 όιιοβοινεες,
854 2075 907 2140 κοί
923 2081 962 2162 τῇ
975 2071 1137 2140 τοῦκόπου
1150 2069 1371 2158 δαῤῥήσοινεις,

276 2165 373 2223 insere
390 2183 428 2223 ex
446 2165 624 2225 auctoritate
638 2163 731 2224 Codd.
746 2181 852 2223 vocem
866 2156 1017 2248 εόκοιιρίςι,
1039 2179 1128 2241 quem
1141 2161 1262 2240 vulgate
1279 2159 1371 2221 habes
1487 2171 1488 2192 .

274 2249 309 2308 in
325 2249 465 2328 margine,
486 2271 619 2330 quaeque
634 2249 756 2308 omnino
770 2247 871 2308 abesse
885 2247 998 2326 nequit.

359 2353 439 2430 Peg.
461 2351 511 2416 61.
534 2351 588 2415 ίίιι.
612 2355 641 2416 6.
662 2350 785 2409 Initium
799 2349 904 2430 capitis
917 2351 957 2410 X.
972 2345 1162 2409 Combefisius
1172 2347 1273 2419 vertit,
1297 2343 1371 2428 Pagi

361 2514 438 2579 thid.
448 2517 513 2577 ιαιί.
528 2519 581 2578 lin.
595 2511 676 2580 Ἐπεί
684 2513 717 2580 dd
725 2513 842 2599 ιὴντοό
849 2521 994 2598 χειμῶνος
1003 2511 1171 2598 κατήφειαν
1179 2515 1296 2600 tanseat
1303 2541 1369 2602 τρο-

272 2601 340 2682 ποί]
355 2603 468 2684 Nempe
476 2603 637 2662 solstitium
651 2603 793 2663 aestivum
810 2603 881 2662 enni
892 2603 964 2680 964,
979 2625 996 2661 n
1009 2625 1069 2682 quo
1085 2625 1146 2663 non
1158 2605 1289 2664 multum
1303 2605 1370 2664 dis-

273 2689 366 2747 sentit
377 2687 527 2748 Cedrenus
539 2689 578 2749 11.
587 2685 665 2762 ,651
678 2687 713 2750 Β.
721 2687 861 2764 scrrhens,
877 2707 977 2748 mense
988 2688 1064 2748 Iulio
1072 2687 1274 2770 Nicephorum
1286 2687 1369 2750 hanc

272 2772 491 2852 expeditionem
518 2772 690 2851 suscepisse.
731 2774 822 2855 Apud
845 2771 1093 2855 Abulphsrsjium
1111 2773 1243 2834 Historia
1268 2773 1369 2854 dyne-

271 2859 353 2918 stier.
378 2879 409 2938 p.
433 2861 505 2924 313.
532 2879 563 2918 es
585 2860 684 2918 omnis
698 2859 736 2919 ed
752 2881 778 2918 s.
792 2859 918 2936 Hegiree
935 2860 1016 2936 351,
1031 2857 1090 2918 hoc
1106 2871 1150 2920 est
1163 2859 1276 2920 Christi
1293 2865 1367 2937 962,

155 2940 156 2947 ’
245 2939 459 3039 Droseruntur:
487 2963 640 3024 perperam
647 2988 659 3022 ,
685 2943 810 3026 opinor:
837 2963 937 3004 errore
966 2945 1016 3006 vel
1042 2945 1171 3007 auctoris
1191 2945 1242 3008 vel
1268 2943 1369 3006 libre-

267 3049 391 3090 riorum.

353 3109 432 3172 Ibid.
453 3111 508 3174 ίίο.
532 3115 582 3180 13.
605 3107 758 3178 κυκλόθεν
781 3107 954 3194 διειληφώς]
976 3108 1195 3198 Δινλομβόνοι,
1215 3113 1266 3177 vel
1285 3123 1368 3180 certe

266 3199 434 3277 perfectum
454 3197 611 3278 διείληῳιι,
632 3199 713 3282 spud
737 3197 864 3260 Leonem
879 3199 960 3258 velet
975 3201 1073 3259 cinxi:
1095 3199 1139 3260 sic
1153 3221 1245 3280 supra
1263 3204 1314 3268 13.
1325 3199 1366 3268 A.

266 3292 296 3341 et
320 3283 446 3343 fortasse
467 3283 545 3343 infre
565 3289 615 3351 36.
638 3283 675 3343 D.
713 3284 794 3357 Quin
814 3283 873 3344 hac
893 3283 958 3364 ipsu
976 3287 1082 3365 pagina
1097 3285 1150 3346 lin.
1168 3289 1216 3352 18.
1232 3283 1365 3368 passive,

267 3363 418 3445 κυκλόθεν
432 3369 591 3450 διείληπτο.
633 3367 747 3429 Eodem
763 3389 850 3430 sensu
868 3365 1004 3444 διέζωσεν
1015 3375 1066 3437 37.
1080 3369 1115 3434 Δ.

351 3467 431 3531 Ιῦἰίί.
454 3471 510 3531 lin·
533 3475 583 3537 21·
605 3467 800 3552 πολοχεόμοον
821 3495 882 3548 τις,
904 3465 1030 3556 ψυχρός·
1041 3494 1072 3534 τε
1088 3469 1140 3536 καὶ
1154 3467 1267 3553 διειδῆς
1282 3495 1365 3555 περι·

265 3547 365 3632 νοίονν]
386 3554 486 3633 Neque
504 3551 700 3638 πολνχεόμων
720 3566 766 3616 est
785 3557 818 3615 in
833 3556 968 3633 Lexicis,.
982 3577 1080 3636 neque
1095 3551 1238 3640 suspeetior.
1282 3555 1366 3618 Illud

265 3635 419 3697 invenitur
440 3639 520 3720 epod
535 3641 565 3701 S.
579 3641 721 3700 Basiliam
736 3641 830 3721 Epist.
846 3660 913 3703 tex.
927 3641 962 3705 11,
976 3642 1047 3709 946.
1070 3637 1096 3705 oi
1108 3647 1207 3723 πηγῆς
1219 3635 1365 3722 κολυχειί-
1399 3643 1403 3654 ’

266 3745 360 3800 μονος
374 3725 447 3802 (quo
460 3723 563 3783 eodem
578 3745 665 3784 sensu
681 3729 709 3787 S.
721 3727 851 3786 lustinus
864 3725 979 3806 Mortyr
993 3726 1116 3806 Dislogo
1132 3747 1199 3786 cum
1206 3727 1363 3809 Tryphon.

264 3809 337 3873 829.
349 3801 566 3888 ,(1ιιολνόδρον
579 3809 631 3872 καί
644 3811 765 3895 ἰσχυρός
780 3813 909 3894 nepem:
929 3832 985 3894 pro
1000 3811 1060 3873 hoc
1071 3811 1210 3872 usitatius
1222 3809 1362 3896 περινίω,

264 3893 345 3970 quod
356 3891 468 3954 hebent
482 3893 600 3954 Lexics.

345 3979 426 4058 Pag-
442 3979 557 4046 6216.
574 3984 626 4048 21.
644 3981 685 4044 Οί
698 3977 732 4044 δ1
745 3973 919 4064 deciperetis
931 3980 973 4062 ιε]
987 3979 1063 4042 Vide
1075 3999 1167 4062 supra
1184 3981 1362 4049 1111...»-

258 4059 455 4124 rationando
467 4065 687 4144 expugnatione
703 4067 846 4127 Gendieer
867 4066 938 4127 item
945 4066 1101 4146 Agnthiem
1110 4072 1162 4135 21.
1170 4066 1205 4127 A.
1212 4075 1244 4127 et
1254 4069 1308 4134 78,
1319 4065 1359 4129 A.
1487 4143 1488 4146 Ἴ

342 4167 424 4246 Peg.
435 4168 485 4234 58.
500 4168 555 4227 lin.
567 4171 598 4236 3.
613 4173 669 4248 τῆς
676 4167 807 4250 ἡλιακῆς
815 4163 935 4244 οίκτῖνος
943 4165 1001 4250 νόν
1011 4163 1361 4252 κερίγειονιίκανγαξοό-

258 4247 324 4330 epp]
337 4249 555 4331 Etymologism
569 4264 689 4314 secutus
704 4255 782 4314 verti
793 4257 1016 4333 circumjectum
1029 4275 1152 4335 agrees.
1162 4251 1220 4336 τὴν
1234 4256 1361 4338 περίχευε

255 4357 320 4418 ρον,
328 4335 596 4421 86.A.quanuem
602 4339 685 4420 opud
696 4340 858 4422 scriptores
865 4339 1048 4402 chmfimn
1057 4341 1360 4421 fidimus-squam-
