3038 4796
276 336 352 416 364
583 332 845 411 Lmrrtmttnt
864 341 1060 408 LEGATIO

280 519 360 572 mute
375 509 432 572 eibi
450 506 596 590 umrpett
617 512 744 584 utreque
763 522 827 562 non
842 511 912 562 eunt
934 501 1070 579 serende3
1092 501 1147 562 etei
1168 509 1291 582 utreque
1307 501 1365 562 im-

278 613 450 696 portabilia,
472 610 553 670 ietud
566 617 611 670 eet
623 627 684 668 uon
698 606 870 674 ferendum.
892 606 983 664 immo
997 625 1053 666 uec
1066 604 1264 680 audiendum,
1286 605 1366 684 quod

280 737 313 778 ee
335 707 559 796 imperatorem*
567 708 711 770 nominet.
757 709 816 768 Sed
840 709 866 768 ei
889 709 1046 770 confirmae
1067 709 1186 786 eedem,
1215 726 1291 785 quae
1309 707 1368 786 ipei

279 821 430 890 fecerunt,
460 815 649 874 fortunatum
673 819 704 871 to
725 819 814 890 etque
839 811 1020 892 locupletem
1041 812 1162 893 Imperii
1187 808 1283 868 nostri
1300 809 1368 868 Μι-

278 920 367 980 ieetee
387 917 447 978 eito
464 915 603 980 dimittet.
645 913 680 974 Id
694 921 792 972 eutem
805 933 840 972 eo
855 933 917 974 non
933 913 1026 990 dixit,
1050 923 1086 974 ut
1098 933 1172 988 voe,
1193 912 1218 970 ei
1230 931 1295 970 mee
1309 909 1368 970 hoe

278 1021 406 1082 stultitia
419 1020 538 1095 fuceret,
560 1023 748 1092 conservator
762 1031 908 1093 sperarem
921 1013 976 1094 ²¹),
997 1015 1050 1099 red
1066 1014 1163 1076 voluit
1175 1013 1282 1074 hubero
1295 1032 1368 1094 pree

277 1123 415 1186 menibus
438 1119 520 1200 quod
538 1118 571 1178 in
587 1118 705 1178 leudem
726 1136 809 1175 suom
830 1125 860 1175 et
882 1117 1091 1178 contumelium
1112 1125 1244 1176 nostrum
1265 1123 1367 1176 oeten-

278 1227 364 1288 deret
382 1223 493 1285 futuri·
513 1219 704 1301 temporibus.
747 1219 803 1278 Cui
815 1218 953 1297 inquam:
974 1239 1071 1300 nuper
1083 1219 1289 1280 Senctieeimue
1305 1219 1367 1276 Do-

277 1329 377 1388 minue
396 1344 498 1400 meur,
515 1331 552 1383 ut
572 1331 626 1398 eet,
639 1319 878 1402 Supieutierimuu
898 1330 928 1381 ot
947 1321 1063 1402 Spiritu
1077 1323 1130 1382 Dei
1148 1321 1271 1402 plenur,
1292 1319 1368 1380 brec

165 1433 196 1486 P.
214 1431 266 1488 483
282 1445 496 1511 praenoscent,
525 1445 600 1505 quoe
622 1423 746 1497 eseerie,
772 1442 810 1482 ne
831 1423 989 1502 terminos,
1011 1446 1086 1507 quoe
1107 1425 1262 1484 coustituit
1281 1421 1367 1500 mihi,

174 1501 230 1555 ⁰⁰¹⁸
248 1505 263 1556 ¹
280 1531 522 1592 transcenderem
545 1523 681 1608 ἐντολήν,
707 1526 741 1585 id
761 1535 807 1586 eet
833 1538 1041 1609 praeceptum,
1068 1526 1260 1607 conscripsit,
1288 1525 1368 1605 qued

277 1645 308 1695 et
321 1633 418 1712 sigillo
438 1631 565 1710 signavit
587 1651 657 1707 suo,
681 1649 720 1690 ne
743 1647 828 1688 tecue
854 1630 989 1690 facerem.
1033 1632 1097 1691 Scir
1111 1629 1233 1690 Domine
1246 1627 1288 1686 mi
1301 1628 1368 1687 Au-

277 1745 360 1816 gutte
367 1781 376 1812 ,
398 1754 458 1814 que
478 1734 510 1792 id
525 1733 634 1792 fiducie
654 1730 801 1792 dixerim?
823 1727 946 1812 ἐντολήν
960 1732 1043 1797 istud
1062 1734 1094 1792 in
1111 1732 1242 1792 medinm
1263 1729 1367 1810 profu-

276 1848 378 1915 retur‚
402 1846 432 1896 et
447 1835 591 1915 quidquid
605 1833 740 1908 iusserit,
761 1831 926 1894 iuramento
949 1854 1028 1894 ame
1047 1835 1103 1896 tibi
1124 1836 1267 1896 firmetur.
1309 1829 1368 1892 Sed

277 1938 432 2023 praeteriti
457 1939 578 2014 nuncii,
607 1944 726 2016 praeter
746 1933 907 1994 iueeionem
929 1937 1047 1996 Domini
1072 1939 1132 1998 mei
1157 1936 1368 2018 promiserunt,
1434 1915 1445 1928 ⁵

278 2043 474 2117 iuraverunt,
497 2039 756 2119 conscripserunt,
776 2037 818 2097 ite
839 2046 900 2113 eet,
922 2046 958 2096 ut
972 2039 1057 2098 Pluto
1075 2039 1132 2100 nit:
1164 2039 1254 2098 ceum
1277 2055 1367 2116 penes

248 2161 252 2170 '
277 2155 448 2227 optantem,
469 2145 548 2202 Deur
569 2151 653 2201 extra
672 2142 801 2222 culpem.
842 2140 896 2200 Hie
911 2139 1038 2220 expletis
1056 2151 1180 2202 ventum
1199 2151 1245 2202 eet
1258 2139 1368 2200 uduo-

279 2249 438 2307 bilieeimoe
462 2244 630 2325 Principem
661 2243 833 2324 Capuanum
855 2252 885 2302 et
911 2243 1168 2320 Beneventanum,
1197 2265 1272 2325 quoe
1303 2243 1367 2324 ipse

278 2370 382 2410 ecrvoe
396 2347 551 2424 nominet,
573 2355 604 2404 et
621 2345 659 2405 ob
674 2367 748 2425 quoe
763 2346 925 2405 intestinus
939 2347 1037 2426 ipeum
1052 2348 1145 2426 agitet
1160 2347 1254 2410 dolor.
1290 2348 1367 2406 ‘Ser-

278 2472 350 2522 voe,
371 2451 485 2530 inquit,
506 2469 587 2508 meos
605 2449 747 2509 Dominus
769 2457 841 2508 tuue
858 2448 891 2506 in
906 2449 1029 2530 tutelam
1043 2451 1151 2531 recipit
1171 2471 1269 2524 ouem,
1292 2469 1366 2530 quoe

251 2553 306 2613 Bri
327 2572 389 2611 non
411 2551 572 2627 dimiserit,
599 2551 682 2611 etin
703 2551 861 2632 pristinum
884 2549 1057 2612 eervitutem
1077 2552 1236 2632 redegerit,
1264 2561 1367 2612 nostre

277 2655 409 2713 amicitie
431 2653 558 2728 cerebit;
587 2653 647 2734 ipei
666 2653 699 2714 in
712 2653 875 2734 Imperium
890 2663 1026 2714 nostrum
1041 2663 1077 2714 ut
1088 2655 1290 2735 recipiuntur,
1311 2652 1366 2713 fle·

276 2758 388 2836 gitnnt3
411 2757 465 2817 red
483 2765 601 2817 recusat
624 2775 674 2815 coe
702 2741 838 2816 nostrum
865 2756 1045 2836 Imperium,
1077 2766 1113 2817 ut
1136 2765 1318 2835 coguoecuut
1338 2764 1367 2816 et

276 2861 490 2941 experientur,
512 2877 601 2938 quem
622 2857 820 2937 periculorum
843 2859 881 2918 eit
893 2877 995 2918 eervoe
1012 2881 1030 2918 u
1048 2860 1182 2920 Dominio
1195 2859 1364 2936 declinasse,

277 2963 451 3022 eervitutem
464 2960 602 3041 effugere.
621 2961 870 3022 Eteetdecentiur
878 2961 1003 3022 Domino
1011 2971 1074 3040 tuo,
1082 2972 1118 3022 ut
1125 2961 1199 3022 mihi
1207 2982 1258 3022 eoe
1267 2963 1365 3024 trudet

280 3063 407 3135 amicus,
429 3083 517 3143 quom
535 3063 610 3124 mihi
635 3063 767 3123 dimittet
788 3061 910 3123 invitor.
957 3063 1156 3146 Experientur
1177 3065 1282 3145 plene,
1302 3063 1364 3125 vite

277 3169 396 3245 comite,
418 3167 492 3248 quid
510 3169 549 3227 eit
564 3166 670 3228 herum
690 3166 809 3242 fellere,
832 3165 905 3245 quid
919 3165 959 3226 eit
969 3167 1139 3228 servitutem
1154 3167 1304 3244 deterere,
1324 3175 1363 3243 et,

279 3280 316 3330 ut
329 3281 417 3350 puto,
438 3270 572 3330 rentiunt
583 3264 665 3330 ndnc
681 3268 762 3349 quod
777 3267 862 3342 dico,
883 3271 1073 3350 operantibus
1086 3269 1146 3330 hoc
1162 3271 1289 3349 neutris,
1311 3267 1364 3350 qui

278 3383 352 3432 eunt
366 3375 447 3434 ultre
462 3391 560 3449 mure,
584 3373 738 3434 militibue.
784 3369 902 3444 Quibus
916 3374 1097 3454 respondere
1109 3393 1157 3434 me
1169 3393 1231 3433 non
1250 3371 1365 3454 permi-

150 3481 156 3500 '
279 3473 330 3551 eit,
350 3475 404 3534 red
418 3475 499 3535 obire
518 3475 695 3556 cupientem,
717 3475 755 3536 ed
770 3495 900 3535 mentem
910 3493 994 3534 tuom
1004 3475 1104 3536 redire
1119 3476 1276 3558 praecepit.
1309 3473 1365 3534 cui

279 3585 365 3654 peter
377 3577 503 3655 eeeedit,
522 3576 630 3654 homo,
651 3587 687 3638 ut
702 3577 778 3638 mihi
793 3575 963 3655 videbatur,
983 3587 1069 3638 natue
1083 3586 1203 3638 centum
1216 3577 1366 3658 quinque-

250 3675 363 3756 cgi'nte
382 3679 476 3739 ennio.
518 3680 575 3739 Cui
588 3679 692 3739 itidem
710 3690 746 3740 ut
764 3680 845 3755 filio,
868 3679 975 3740 Graeci
993 3677 1027 3739 iu
1045 3679 1197 3753 leudibm,
1214 3680 1304 3740 immo
1318 3679 1366 3738 iu-

276 3780 375 3841 ventiu
394 3781 472 3854 euie,
492 3781 568 3840 Deus
588 3803 681 3842 nnnoe
696 3793 733 3842 ut
751 3781 930 3862 multiplicet
952 3783 1148 3844 conclament.
1190 3783 1303 3858 Quein
1321 3801 1365 3860 re,

278 3902 369 3962 quum
386 3883 448 3942 rint
461 3883 567 3942 Graeci
581 3883 684 3963 eteriti,
707 3905 834 3965 quemve
847 3883 937 3943 huiue
952 3884 1064 3962 gloriae
1079 3895 1242 3966 emutoree,
1261 3905 1367 3966 quem·

277 4004 316 4044 ve
334 3985 521 4061 adulatores,
543 4006 633 4066 quem
658 3989 777 4071 cupidi,
803 3987 876 4048 hino
892 3987 1036 4064 ‘colligere
1056 4007 1232 4068 porrumme
1260 3995 1368 4068 optant

278 4088 336 4149 toli
352 4109 415 4149 non
428 4089 509 4166 eolo,
533 4090 587 4150 eed
602 4089 770 4171 silicernio,
792 4089 875 4170 quod
887 4093 1025 4152 naturam
1039 4090 1135 4172 ipram
1147 4111 1210 4152 uon
1226 4089 1289 4172 peti
1300 4107 1368 4150 cm·

311 4288 360 4358 21)
376 4287 451 4344 Fert.
467 4297 615 4345 cereatum
628 4297 752 4360 meret.
774 4288 808 4344 M
811 4304 857 4342 ur.
