<?xml version="1.0" encoding="UTF-8"?>
<!DOCTYPE html PUBLIC "-//W3C//DTD XHTML 1.0 Transitional//EN"
    "http://www.w3.org/TR/xhtml1/DTD/xhtml1-transitional.dtd">
<html xmlns="http://www.w3.org/1999/xhtml" xml:lang="en" lang="en">
 <head>
  <title>
</title>
<meta http-equiv="Content-Type" content="text/html;charset=utf-8" />
  <meta name='ocr-system' content='tesseract 3.04.00' />
  <meta name='ocr-capabilities' content='ocr_page ocr_carea ocr_par ocr_line ocrx_word'/>
</head>
<body>
  <div class='ocr_page' id='page_1' title='image "./leonisdiaconica00liudgoog/leonisdiaconica00liudgoog_0391.png"; bbox 0 0 3038 4796; ppageno 0'>
   <div class='ocr_carea' id='block_1_1' title="bbox 468 345 1306 426">
    <p class='ocr_par' dir='ltr' id='par_1_1' title="bbox 468 345 1306 426">
     <span class='ocr_line' id='line_1_1' title="bbox 468 345 1306 426; baseline -0.007 0"><span class='ocrx_word' id='word_1_1' title='bbox 468 355 528 426; x_wconf 82' lang='grc' dir='ltr'><strong>ΔΙ)</strong></span> <span class='ocrx_word' id='word_1_2' title='bbox 548 353 836 424; x_wconf 85' lang='lat' dir='ltr'>NICEPHORUM</span> <span class='ocrx_word' id='word_1_3' title='bbox 855 354 1051 425; x_wconf 87' lang='lat' dir='ltr'><strong>PHOCAM.</strong></span> <span class='ocrx_word' id='word_1_4' title='bbox 1230 345 1306 420; x_wconf 78' lang='lat'><strong>347</strong></span> 
     </span>
    </p>
   </div>
   <div class='ocr_carea' id='block_1_2' title="bbox 201 511 1418 2228">
    <p class='ocr_par' dir='ltr' id='par_1_2' title="bbox 201 511 1418 2228">
     <span class='ocr_line' id='line_1_2' title="bbox 211 511 1305 594; baseline -0.005 -14"><span class='ocrx_word' id='word_1_5' title='bbox 211 511 371 580; x_wconf 82' lang='lat' dir='ltr'><strong>nns&#39;nseue</strong></span> <span class='ocrx_word' id='word_1_6' title='bbox 394 515 538 593; x_wconf 90' lang='lat' dir='ltr'><strong>contulit,</strong></span> <span class='ocrx_word' id='word_1_7' title='bbox 568 533 638 576; x_wconf 85' lang='lat' dir='ltr'><strong>eum</strong></span> <span class='ocrx_word' id='word_1_8' title='bbox 661 511 805 594; x_wconf 64' lang='lat' dir='ltr'><strong>Apuliam</strong></span> <span class='ocrx_word' id='word_1_9' title='bbox 836 534 953 574; x_wconf 88' lang='lat' dir='ltr'><strong>emnem</strong></span> <span class='ocrx_word' id='word_1_10' title='bbox 978 513 1122 594; x_wconf 73' lang='lat' dir='ltr'><strong>potestati</strong></span> <span class='ocrx_word' id='word_1_11' title='bbox 1147 513 1305 592; x_wconf 76' lang='lat' dir='ltr'><strong>subditum,</strong></span> 
     </span>
     <span class='ocr_line' id='line_1_3' title="bbox 210 615 1307 696; baseline -0.004 -16"><span class='ocrx_word' id='word_1_12' title='bbox 210 639 274 680; x_wconf 91' lang='lat' dir='ltr'><strong>non</strong></span> <span class='ocrx_word' id='word_1_13' title='bbox 293 639 361 680; x_wconf 91' lang='lat' dir='ltr'><strong>mee</strong></span> <span class='ocrx_word' id='word_1_14' title='bbox 378 619 567 696; x_wconf 85' lang='lat' dir='ltr'><strong>interventu,</strong></span> <span class='ocrx_word' id='word_1_15' title='bbox 591 617 674 680; x_wconf 88' lang='lat' dir='ltr'><strong>cuius</strong></span> <span class='ocrx_word' id='word_1_16' title='bbox 689 615 748 676; x_wconf 91' lang='lat' dir='ltr'><strong>bec</strong></span> <span class='ocrx_word' id='word_1_17' title='bbox 767 616 953 694; x_wconf 73' lang='lat' dir='ltr'><strong>suggestione</strong></span> <span class='ocrx_word' id='word_1_18' title='bbox 972 617 1085 676; x_wconf 86' lang='lat' dir='ltr'><strong>melum</strong></span> <span class='ocrx_word' id='word_1_19' title='bbox 1109 617 1222 676; x_wconf 85' lang='lat' dir='ltr'><strong>sectum</strong></span> <span class='ocrx_word' id='word_1_20' title='bbox 1245 636 1307 678; x_wconf 86' lang='lat' dir='ltr'><strong>esse</strong></span> 
     </span>
     <span class='ocr_line' id='line_1_4' title="bbox 210 717 1418 798; baseline -0.005 -14"><span class='ocrx_word' id='word_1_21' title='bbox 210 723 296 784; x_wconf 79' lang='lat' dir='ltr'><strong>dieis.</strong></span> <span class='ocrx_word' id='word_1_22' title='bbox 340 723 430 784; x_wconf 84' lang='lat' dir='ltr'><strong>Cuius</strong></span> <span class='ocrx_word' id='word_1_23' title='bbox 442 722 487 784; x_wconf 89' lang='lat' dir='ltr'><strong>rei</strong></span> <span class='ocrx_word' id='word_1_24' title='bbox 505 729 550 780; x_wconf 87' lang='lat' dir='ltr'><strong>tet</strong></span> <span class='ocrx_word' id='word_1_25' title='bbox 563 730 634 780; x_wconf 89' lang='lat' dir='ltr'><strong>sunt</strong></span> <span class='ocrx_word' id='word_1_26' title='bbox 644 727 749 792; x_wconf 88' lang='lat' dir='ltr'><strong>testes,</strong></span> <span class='ocrx_word' id='word_1_27' title='bbox 771 726 846 797; x_wconf 89' lang='lat' dir='ltr'><strong>quot</strong></span> <span class='ocrx_word' id='word_1_28' title='bbox 862 728 933 778; x_wconf 84' lang='lat' dir='ltr'><strong>sunt</strong></span> <span class='ocrx_word' id='word_1_29' title='bbox 953 718 1047 778; x_wconf 89' lang='lat' dir='ltr'><strong>totius</strong></span> <span class='ocrx_word' id='word_1_30' title='bbox 1070 717 1197 798; x_wconf 78' lang='lat' dir='ltr'><strong>Apuliae</strong></span> <span class='ocrx_word' id='word_1_31' title='bbox 1214 719 1307 779; x_wconf 90' lang='lat' dir='ltr'><strong>hebi-</strong></span> <span class='ocrx_word' id='word_1_32' title='bbox 1323 729 1418 785; x_wconf 69' lang='lat' dir='ltr'><strong>(lotz</strong></span> 
     </span>
     <span class='ocr_line' id='line_1_5' title="bbox 208 819 1308 903; baseline -0.001 -19"><span class='ocrx_word' id='word_1_33' title='bbox 208 833 330 889; x_wconf 85' lang='lat' dir='ltr'><strong>teteres.</strong></span> <span class='ocrx_word' id='word_1_34' title='bbox 363 824 518 900; x_wconf 84' lang='lat' dir='ltr'><strong>Secunde,</strong></span> <span class='ocrx_word' id='word_1_35' title='bbox 539 822 639 902; x_wconf 88' lang='lat' dir='ltr'><strong>inquit</strong></span> <span class='ocrx_word' id='word_1_36' title='bbox 661 819 865 901; x_wconf 71' lang='lat' dir='ltr'><strong>Mespheres,</strong></span> <span class='ocrx_word' id='word_1_37' title='bbox 886 820 961 880; x_wconf 91' lang='lat' dir='ltr'><strong>bere</strong></span> <span class='ocrx_word' id='word_1_38' title='bbox 980 819 1040 880; x_wconf 89' lang='lat' dir='ltr'><strong>ism</strong></span> <span class='ocrx_word' id='word_1_39' title='bbox 1056 819 1192 880; x_wconf 78' lang='lat' dir='ltr'><strong>treneiite</strong></span> <span class='ocrx_word' id='word_1_40' title='bbox 1219 819 1308 903; x_wconf 79' lang='grc' dir='ltr'><strong><em>προέ-</em></strong></span> 
     </span>
     <span class='ocr_line' id='line_1_6' title="bbox 207 919 1308 1006; baseline -0.007 -18"><span class='ocrx_word' id='word_1_41' title='bbox 207 930 328 1003; x_wconf 61' lang='lat' dir='ltr'><strong>esoce,</strong></span> <span class='ocrx_word' id='word_1_42' title='bbox 358 926 392 988; x_wconf 89' lang='lat' dir='ltr'><strong>id</strong></span> <span class='ocrx_word' id='word_1_43' title='bbox 420 935 465 986; x_wconf 89' lang='lat' dir='ltr'><strong>est</strong></span> <span class='ocrx_word' id='word_1_44' title='bbox 492 924 648 1006; x_wconf 69' lang='lat' dir='ltr'><strong>processio¹</strong></span> <span class='ocrx_word' id='word_1_45' title='bbox 679 923 766 983; x_wconf 89' lang='lat' dir='ltr'><strong>nobis</strong></span> <span class='ocrx_word' id='word_1_46' title='bbox 795 932 841 982; x_wconf 87' lang='lat' dir='ltr'><strong>est</strong></span> <span class='ocrx_word' id='word_1_47' title='bbox 867 920 1052 980; x_wconf 78' lang='lat' dir='ltr'><strong>celebrande.</strong></span> <span class='ocrx_word' id='word_1_48' title='bbox 1108 919 1198 994; x_wconf 89' lang='lat' dir='ltr'><strong>Qued</strong></span> <span class='ocrx_word' id='word_1_49' title='bbox 1225 941 1308 981; x_wconf 87' lang='lat' dir='ltr'><strong>nune</strong></span> 
     </span>
     <span class='ocr_line' id='line_1_7' title="bbox 207 1022 1306 1108; baseline -0.004 -22"><span class='ocrx_word' id='word_1_50' title='bbox 207 1027 314 1105; x_wconf 88' lang='lat' dir='ltr'><strong>instet,</strong></span> <span class='ocrx_word' id='word_1_51' title='bbox 337 1049 464 1108; x_wconf 80' lang='lat' dir='ltr'><strong>egemus.</strong></span> <span class='ocrx_word' id='word_1_52' title='bbox 505 1027 615 1086; x_wconf 88' lang='lat' dir='ltr'><strong>Centre</strong></span> <span class='ocrx_word' id='word_1_53' title='bbox 632 1025 724 1104; x_wconf 84' lang='lat' dir='ltr'><strong>hese,</strong></span> <span class='ocrx_word' id='word_1_54' title='bbox 748 1046 817 1086; x_wconf 92' lang='lat' dir='ltr'><strong>cum</strong></span> <span class='ocrx_word' id='word_1_55' title='bbox 833 1031 1037 1105; x_wconf 90' lang='lat' dir='ltr'><strong>opportunum</strong></span> <span class='ocrx_word' id='word_1_56' title='bbox 1050 1022 1159 1098; x_wconf 84' lang='lat' dir='ltr'><strong>fuerit,</strong></span> <span class='ocrx_word' id='word_1_57' title='bbox 1179 1042 1306 1102; x_wconf 88' lang='lat' dir='ltr'><strong>respen-</strong></span> 
     </span>
     <span class='ocr_line' id='line_1_8' title="bbox 208 1123 1307 1214; baseline -0.005 -24"><span class='ocrx_word' id='word_1_58' title='bbox 208 1129 350 1190; x_wconf 90' lang='lat' dir='ltr'><strong>debimus.</strong></span> <span class='ocrx_word' id='word_1_59' title='bbox 392 1131 460 1190; x_wconf 87' lang='lat' dir='ltr'><strong>Neu</strong></span> <span class='ocrx_word' id='word_1_60' title='bbox 479 1129 578 1210; x_wconf 89' lang='lat' dir='ltr'><strong>pigeet</strong></span> <span class='ocrx_word' id='word_1_61' title='bbox 603 1149 652 1189; x_wconf 89' lang='lat' dir='ltr'><strong>me</strong></span> <span class='ocrx_word' id='word_1_62' title='bbox 673 1126 849 1211; x_wconf 67' lang='lat' dir='ltr'><strong>repollerent</strong></span> <span class='ocrx_word' id='word_1_63' title='bbox 868 1128 964 1206; x_wconf 82' lang='lat' dir='ltr'><strong>ipsam</strong></span> <span class='ocrx_word' id='word_1_64' title='bbox 985 1124 1165 1214; x_wconf 82' lang='lat' dir='ltr'><strong>describere,</strong></span> <span class='ocrx_word' id='word_1_65' title='bbox 1196 1133 1227 1184; x_wconf 91' lang='lat' dir='ltr'><strong>et</strong></span> <span class='ocrx_word' id='word_1_66' title='bbox 1249 1123 1307 1184; x_wconf 89' lang='lat' dir='ltr'><strong>de-</strong></span> 
     </span>
     <span class='ocr_line' id='line_1_9' title="bbox 207 1221 1307 1309; baseline -0.005 -17"><span class='ocrx_word' id='word_1_67' title='bbox 207 1231 305 1292; x_wconf 88' lang='lat' dir='ltr'><strong>miues</strong></span> <span class='ocrx_word' id='word_1_68' title='bbox 333 1249 414 1294; x_wconf 88' lang='lat' dir='ltr'><strong>meos</strong></span> <span class='ocrx_word' id='word_1_69' title='bbox 437 1231 552 1296; x_wconf 81' lang='lat' dir='ltr'><strong>audire.</strong></span> <span class='ocrx_word' id='word_1_70' title='bbox 606 1231 831 1309; x_wconf 84' lang='lat' dir='ltr'><strong>Negetieterum</strong></span> <span class='ocrx_word' id='word_1_71' title='bbox 857 1228 1020 1289; x_wconf 89' lang='lat' dir='ltr'><strong>multitude</strong></span> <span class='ocrx_word' id='word_1_72' title='bbox 1049 1228 1185 1309; x_wconf 88' lang='lat' dir='ltr'><strong>copiose,</strong></span> <span class='ocrx_word' id='word_1_73' title='bbox 1217 1221 1307 1305; x_wconf 87' lang='lat' dir='ltr'><strong>igne-</strong></span> 
     </span>
     <span class='ocr_line' id='line_1_10' title="bbox 207 1326 1306 1416; baseline -0.006 -24"><span class='ocrx_word' id='word_1_74' title='bbox 207 1332 373 1412; x_wconf 89' lang='lat' dir='ltr'><strong>biliumque</strong></span> <span class='ocrx_word' id='word_1_75' title='bbox 400 1353 611 1416; x_wconf 77' lang='lat' dir='ltr'><strong>personarum,</strong></span> <span class='ocrx_word' id='word_1_76' title='bbox 633 1353 667 1392; x_wconf 89' lang='lat' dir='ltr'><strong>ee</strong></span> <span class='ocrx_word' id='word_1_77' title='bbox 684 1332 886 1408; x_wconf 74' lang='lat' dir='ltr'><strong>solemnitate,</strong></span> <span class='ocrx_word' id='word_1_78' title='bbox 909 1332 1055 1404; x_wconf 78' lang='lat' dir='ltr'><strong>collecte,</strong></span> <span class='ocrx_word' id='word_1_79' title='bbox 1076 1329 1115 1390; x_wconf 88' lang='lat' dir='ltr'><strong>ed</strong></span> <span class='ocrx_word' id='word_1_80' title='bbox 1134 1326 1306 1408; x_wconf 88' lang='lat' dir='ltr'><strong>susceptio-</strong></span> 
     </span>
     <span class='ocr_line' id='line_1_11' title="bbox 206 1429 1347 1517; baseline -0.005 -23"><span class='ocrx_word' id='word_1_81' title='bbox 206 1455 292 1510; x_wconf 73' lang='grc' dir='ltr'><strong>παι,</strong></span> <span class='ocrx_word' id='word_1_82' title='bbox 313 1444 344 1494; x_wconf 90' lang='lat' dir='ltr'><strong>et</strong></span> <span class='ocrx_word' id='word_1_83' title='bbox 357 1435 477 1496; x_wconf 89' lang='lat' dir='ltr'><strong>leudem</strong></span> <span class='ocrx_word' id='word_1_84' title='bbox 489 1434 663 1517; x_wconf 86' lang='lat' dir='ltr'><strong>Nicephori,</strong></span> <span class='ocrx_word' id='word_1_85' title='bbox 685 1455 702 1492; x_wconf 90' lang='lat' dir='ltr'><strong>e</strong></span> <span class='ocrx_word' id='word_1_86' title='bbox 717 1433 829 1515; x_wconf 86' lang='lat' dir='ltr'><strong>peletie</strong></span> <span class='ocrx_word' id='word_1_87' title='bbox 842 1455 936 1514; x_wconf 86' lang='lat' dir='ltr'><strong>usque</strong></span> <span class='ocrx_word' id='word_1_88' title='bbox 949 1434 987 1492; x_wconf 91' lang='lat' dir='ltr'><strong>ed</strong></span> <span class='ocrx_word' id='word_1_89' title='bbox 999 1435 1138 1492; x_wconf 85' lang='lat' dir='ltr'><strong>Serretem</strong></span> <span class='ocrx_word' id='word_1_90' title='bbox 1152 1429 1304 1511; x_wconf 74' lang='lat' dir='ltr'><strong>Sophiam,</strong></span> <span class='ocrx_word' id='word_1_91' title='bbox 1339 1463 1347 1480; x_wconf 83' lang='lat'><strong>·</strong></span> 
     </span>
     <span class='ocr_line' id='line_1_12' title="bbox 207 1531 1302 1616; baseline -0.007 -18"><span class='ocrx_word' id='word_1_92' title='bbox 207 1535 291 1615; x_wconf 78' lang='lat' dir='ltr'><strong>qussi</strong></span> <span class='ocrx_word' id='word_1_93' title='bbox 307 1557 364 1616; x_wconf 91' lang='lat' dir='ltr'><strong>pre</strong></span> <span class='ocrx_word' id='word_1_94' title='bbox 381 1539 476 1598; x_wconf 88' lang='lat' dir='ltr'><strong>muris</strong></span> <span class='ocrx_word' id='word_1_95' title='bbox 496 1538 563 1600; x_wconf 80' lang='lat' dir='ltr'><strong>ries</strong></span> <span class='ocrx_word' id='word_1_96' title='bbox 581 1536 729 1616; x_wconf 83' lang='lat' dir='ltr'><strong>margines</strong></span> <span class='ocrx_word' id='word_1_97' title='bbox 752 1535 866 1614; x_wconf 90' lang='lat' dir='ltr'><strong>tenuit,</strong></span> <span class='ocrx_word' id='word_1_98' title='bbox 896 1535 1040 1616; x_wconf 81' lang='lat' dir='ltr'><strong>clypeolis</strong></span> <span class='ocrx_word' id='word_1_99' title='bbox 1060 1533 1201 1594; x_wconf 82' lang='lat' dir='ltr'><strong>tenuibus</strong></span> <span class='ocrx_word' id='word_1_100' title='bbox 1220 1531 1302 1609; x_wconf 77' lang='lat' dir='ltr'><strong>setis,</strong></span> 
     </span>
     <span class='ocr_line' id='line_1_13' title="bbox 204 1634 1303 1718; baseline -0.002 -20"><span class='ocrx_word' id='word_1_101' title='bbox 204 1647 236 1698; x_wconf 90' lang='lat' dir='ltr'><strong>et</strong></span> <span class='ocrx_word' id='word_1_102' title='bbox 256 1635 382 1718; x_wconf 87' lang='lat' dir='ltr'><strong>spiculis</strong></span> <span class='ocrx_word' id='word_1_103' title='bbox 405 1640 517 1701; x_wconf 86' lang='lat' dir='ltr'><strong>vilibus</strong></span> <span class='ocrx_word' id='word_1_104' title='bbox 539 1640 726 1700; x_wconf 76' lang='lat' dir='ltr'><strong>dedecorato.</strong></span> <span class='ocrx_word' id='word_1_105' title='bbox 769 1637 904 1698; x_wconf 80' lang='lat' dir='ltr'><strong>Accessit</strong></span> <span class='ocrx_word' id='word_1_106' title='bbox 925 1649 956 1698; x_wconf 88' lang='lat' dir='ltr'><strong>et</strong></span> <span class='ocrx_word' id='word_1_107' title='bbox 978 1638 1017 1696; x_wconf 91' lang='lat' dir='ltr'><strong>ed</strong></span> <span class='ocrx_word' id='word_1_108' title='bbox 1039 1635 1191 1698; x_wconf 86' lang='lat' dir='ltr'><strong>dedecoris</strong></span> <span class='ocrx_word' id='word_1_109' title='bbox 1211 1634 1303 1696; x_wconf 80' lang='lat' dir='ltr'><strong>huius</strong></span> 
     </span>
     <span class='ocr_line' id='line_1_14' title="bbox 204 1737 1353 1823; baseline -0.001 -25"><span class='ocrx_word' id='word_1_110' title='bbox 204 1749 411 1820; x_wconf 80' lang='lat' dir='ltr'><strong>augmentum,</strong></span> <span class='ocrx_word' id='word_1_111' title='bbox 441 1742 524 1823; x_wconf 88' lang='lat' dir='ltr'><strong>quod</strong></span> <span class='ocrx_word' id='word_1_112' title='bbox 544 1743 628 1821; x_wconf 85' lang='lat' dir='ltr'><strong>vulgi</strong></span> <span class='ocrx_word' id='word_1_113' title='bbox 647 1741 742 1823; x_wconf 87' lang='lat' dir='ltr'><strong>ipsius</strong></span> <span class='ocrx_word' id='word_1_114' title='bbox 763 1741 866 1822; x_wconf 92' lang='lat' dir='ltr'><strong>potior</strong></span> <span class='ocrx_word' id='word_1_115' title='bbox 888 1761 975 1822; x_wconf 82' lang='lat' dir='ltr'><strong>pers,</strong></span> <span class='ocrx_word' id='word_1_116' title='bbox 998 1739 1034 1800; x_wconf 89' lang='lat' dir='ltr'><strong>ed</strong></span> <span class='ocrx_word' id='word_1_117' title='bbox 1056 1737 1174 1798; x_wconf 88' lang='lat' dir='ltr'><strong>leudem</strong></span> <span class='ocrx_word' id='word_1_118' title='bbox 1194 1737 1303 1818; x_wconf 89' lang='lat' dir='ltr'><strong>ipsius,</strong></span> <span class='ocrx_word' id='word_1_119' title='bbox 1350 1759 1353 1766; x_wconf 94' lang='lat'>·</span> 
     </span>
     <span class='ocr_line' id='line_1_15' title="bbox 202 1839 1332 1926; baseline -0.002 -25"><span class='ocrx_word' id='word_1_120' title='bbox 202 1843 295 1903; x_wconf 89' lang='lat' dir='ltr'><strong>nudis</strong></span> <span class='ocrx_word' id='word_1_121' title='bbox 314 1854 500 1924; x_wconf 81' lang='lat' dir='ltr'><strong>precesserat</strong></span> <span class='ocrx_word' id='word_1_122' title='bbox 515 1844 650 1926; x_wconf 88' lang='lat' dir='ltr'><strong>pedibus.</strong></span> <span class='ocrx_word' id='word_1_123' title='bbox 693 1843 788 1904; x_wconf 88' lang='lat' dir='ltr'><strong>Crede</strong></span> <span class='ocrx_word' id='word_1_124' title='bbox 806 1845 850 1903; x_wconf 87' lang='lat' dir='ltr'><strong>sic</strong></span> <span class='ocrx_word' id='word_1_125' title='bbox 863 1863 913 1902; x_wconf 89' lang='lat' dir='ltr'><strong>ees</strong></span> <span class='ocrx_word' id='word_1_126' title='bbox 927 1851 1047 1923; x_wconf 78' lang='lat' dir='ltr'><strong>putesne</strong></span> <span class='ocrx_word' id='word_1_127' title='bbox 1061 1849 1195 1900; x_wconf 78' lang='lat' dir='ltr'><strong>sanctem</strong></span> <span class='ocrx_word' id='word_1_128' title='bbox 1207 1839 1332 1921; x_wconf 85' lang='lat' dir='ltr'><strong>ipsemB</strong></span> 
     </span>
     <span class='ocr_line' id='line_1_16' title="bbox 202 1941 1302 2028; baseline -0.002 -24"><span class='ocrx_word' id='word_1_129' title='bbox 202 1945 305 2024; x_wconf 87' lang='lat' dir='ltr'><strong>potius</strong></span> <span class='ocrx_word' id='word_1_130' title='bbox 320 1964 464 2006; x_wconf 83' lang='lat' dir='ltr'><strong>exeruere</strong></span> <span class='ocrx_word' id='word_1_131' title='bbox 479 1945 665 2028; x_wconf 70' lang='lat' dir='ltr'><strong>sepeli-euers.</strong></span> <span class='ocrx_word' id='word_1_132' title='bbox 708 1947 766 2008; x_wconf 90' lang='lat' dir='ltr'><strong>Sed</strong></span> <span class='ocrx_word' id='word_1_133' title='bbox 782 1957 811 2006; x_wconf 90' lang='lat' dir='ltr'><strong>et</strong></span> <span class='ocrx_word' id='word_1_134' title='bbox 823 1945 986 2028; x_wconf 88' lang='lat' dir='ltr'><strong>Optimetes</strong></span> <span class='ocrx_word' id='word_1_135' title='bbox 1000 1943 1061 2020; x_wconf 86' lang='lat' dir='ltr'><strong>eui,</strong></span> <span class='ocrx_word' id='word_1_136' title='bbox 1084 1941 1138 2022; x_wconf 89' lang='lat' dir='ltr'><strong>qui</strong></span> <span class='ocrx_word' id='word_1_137' title='bbox 1153 1942 1302 2022; x_wconf 88' lang='lat' dir='ltr'><strong>cumipse</strong></span> 
     </span>
     <span class='ocr_line' id='line_1_17' title="bbox 201 2043 1300 2128; baseline -0.003 -22"><span class='ocrx_word' id='word_1_138' title='bbox 201 2065 258 2127; x_wconf 88' lang='lat' dir='ltr'><strong>per</strong></span> <span class='ocrx_word' id='word_1_139' title='bbox 273 2045 438 2128; x_wconf 84' lang='lat' dir='ltr'><strong>plebeiam,</strong></span> <span class='ocrx_word' id='word_1_140' title='bbox 460 2057 490 2107; x_wconf 92' lang='lat' dir='ltr'><strong>et</strong></span> <span class='ocrx_word' id='word_1_141' title='bbox 513 2048 723 2108; x_wconf 85' lang='lat' dir='ltr'><strong>discelceetem</strong></span> <span class='ocrx_word' id='word_1_142' title='bbox 744 2048 969 2108; x_wconf 85' lang='lat' dir='ltr'><strong>multitudinem</strong></span> <span class='ocrx_word' id='word_1_143' title='bbox 987 2046 1083 2128; x_wconf 90' lang='lat' dir='ltr'><strong>ipsam</strong></span> <span class='ocrx_word' id='word_1_144' title='bbox 1102 2043 1300 2120; x_wconf 77' lang='lat' dir='ltr'><strong>transierunt,</strong></span> 
     </span>
     <span class='ocr_line' id='line_1_18' title="bbox 201 2146 1302 2228; baseline 0 -20"><span class='ocrx_word' id='word_1_145' title='bbox 201 2149 317 2228; x_wconf 81' lang='lat' dir='ltr'><strong>magnis</strong></span> <span class='ocrx_word' id='word_1_146' title='bbox 339 2157 369 2208; x_wconf 90' lang='lat' dir='ltr'><strong>et</strong></span> <span class='ocrx_word' id='word_1_147' title='bbox 393 2148 488 2208; x_wconf 87' lang='lat' dir='ltr'><strong>nimie</strong></span> <span class='ocrx_word' id='word_1_148' title='bbox 509 2158 659 2212; x_wconf 83' lang='lat' dir='ltr'><strong>vetustate</strong></span> <span class='ocrx_word' id='word_1_149' title='bbox 686 2151 805 2212; x_wconf 77' lang='lat' dir='ltr'><strong>rimatis</strong></span> <span class='ocrx_word' id='word_1_150' title='bbox 827 2149 939 2211; x_wconf 89' lang='lat' dir='ltr'><strong>tunicis</strong></span> <span class='ocrx_word' id='word_1_151' title='bbox 968 2157 1053 2210; x_wconf 89' lang='lat' dir='ltr'><strong>erent</strong></span> <span class='ocrx_word' id='word_1_152' title='bbox 1072 2146 1181 2208; x_wconf 89' lang='lat' dir='ltr'><strong>induti.</strong></span> <span class='ocrx_word' id='word_1_153' title='bbox 1225 2147 1302 2208; x_wconf 88' lang='lat' dir='ltr'><strong>Setis</strong></span> 
     </span>
    </p>
   </div>
   <div class='ocr_carea' id='block_1_3' title="bbox 73 2249 1303 2436">
    <p class='ocr_par' dir='ltr' id='par_1_3' title="bbox 73 2249 1303 2436">
     <span class='ocr_line' id='line_1_19' title="bbox 73 2249 1302 2334; baseline -0.002 -24"><span class='ocrx_word' id='word_1_154' title='bbox 73 2290 79 2300; x_wconf 88' lang='lat'>·</span> <span class='ocrx_word' id='word_1_155' title='bbox 202 2251 355 2312; x_wconf 85' lang='lat' dir='ltr'><strong>decentius</strong></span> <span class='ocrx_word' id='word_1_156' title='bbox 370 2250 547 2330; x_wconf 75' lang='lat' dir='ltr'><strong>quotidiana</strong></span> <span class='ocrx_word' id='word_1_157' title='bbox 560 2261 643 2312; x_wconf 83' lang='lat' dir='ltr'><strong>veste</strong></span> <span class='ocrx_word' id='word_1_158' title='bbox 654 2253 755 2313; x_wconf 90' lang='lat' dir='ltr'><strong>induti</strong></span> <span class='ocrx_word' id='word_1_159' title='bbox 770 2254 974 2334; x_wconf 79' lang='lat' dir='ltr'><strong>precederent</strong></span> <span class='ocrx_word' id='word_1_160' title='bbox 1014 2249 1122 2312; x_wconf 83' lang='lat' dir='ltr'><strong>Nullus</strong></span> <span class='ocrx_word' id='word_1_161' title='bbox 1139 2257 1192 2325; x_wconf 83' lang='lat' dir='ltr'><strong>est,</strong></span> <span class='ocrx_word' id='word_1_162' title='bbox 1217 2249 1302 2308; x_wconf 90' lang='lat' dir='ltr'><strong>euius</strong></span> 
     </span>
     <span class='ocr_line' id='line_1_20' title="bbox 74 2351 1303 2436; baseline 0.005 -24"><span class='ocrx_word' id='word_1_163' title='bbox 74 2357 77 2364; x_wconf 90' lang='lat'>&#39;</span> <span class='ocrx_word' id='word_1_164' title='bbox 201 2363 308 2416; x_wconf 80' lang='lat' dir='ltr'><strong>atavus</strong></span> <span class='ocrx_word' id='word_1_165' title='bbox 325 2352 405 2414; x_wconf 88' lang='lat' dir='ltr'><strong>bene</strong></span> <span class='ocrx_word' id='word_1_166' title='bbox 420 2373 530 2414; x_wconf 86' lang='lat' dir='ltr'><strong>novum</strong></span> <span class='ocrx_word' id='word_1_167' title='bbox 546 2351 679 2418; x_wconf 84' lang='lat' dir='ltr'><strong>heberet.</strong></span> <span class='ocrx_word' id='word_1_168' title='bbox 721 2357 815 2418; x_wconf 84' lang='lat' dir='ltr'><strong>Nemo</strong></span> <span class='ocrx_word' id='word_1_169' title='bbox 830 2356 874 2416; x_wconf 89' lang='lat' dir='ltr'><strong>ibi</strong></span> <span class='ocrx_word' id='word_1_170' title='bbox 890 2375 984 2433; x_wconf 87' lang='lat' dir='ltr'><strong>eure,</strong></span> <span class='ocrx_word' id='word_1_171' title='bbox 1006 2375 1095 2419; x_wconf 86' lang='lat' dir='ltr'><strong>nemo</strong></span> <span class='ocrx_word' id='word_1_172' title='bbox 1108 2357 1303 2436; x_wconf 81' lang='lat' dir='ltr'><strong>gemmiser-</strong></span> 
     </span>
    </p>
   </div>
   <div class='ocr_carea' id='block_1_4' title="bbox 194 2455 1327 4075">
    <p class='ocr_par' dir='ltr' id='par_1_4' title="bbox 194 2455 1327 4075">
     <span class='ocr_line' id='line_1_21' title="bbox 200 2455 1301 2540; baseline 0.004 -26"><span class='ocrx_word' id='word_1_173' title='bbox 200 2465 290 2516; x_wconf 85' lang='lat' dir='ltr'><strong>uetus</strong></span> <span class='ocrx_word' id='word_1_174' title='bbox 312 2463 390 2532; x_wconf 88' lang='lat' dir='ltr'><strong>eret,</strong></span> <span class='ocrx_word' id='word_1_175' title='bbox 410 2456 472 2518; x_wconf 87' lang='lat' dir='ltr'><strong>nisi</strong></span> <span class='ocrx_word' id='word_1_176' title='bbox 495 2455 561 2537; x_wconf 84' lang='lat' dir='ltr'><strong>ipse</strong></span> <span class='ocrx_word' id='word_1_177' title='bbox 578 2457 661 2518; x_wconf 87' lang='lat' dir='ltr'><strong>seles</strong></span> <span class='ocrx_word' id='word_1_178' title='bbox 681 2457 887 2540; x_wconf 86' lang='lat' dir='ltr'><strong>Nicephorus,</strong></span> <span class='ocrx_word' id='word_1_179' title='bbox 908 2478 999 2539; x_wconf 88' lang='lat' dir='ltr'><strong>quem</strong></span> <span class='ocrx_word' id='word_1_180' title='bbox 1020 2458 1187 2539; x_wconf 88' lang='lat' dir='ltr'><strong>Imperielie</strong></span> <span class='ocrx_word' id='word_1_181' title='bbox 1208 2477 1301 2520; x_wconf 88' lang='lat' dir='ltr'><strong>orne-</strong></span> 
     </span>
     <span class='ocr_line' id='line_1_22' title="bbox 199 2559 1302 2643; baseline -0.002 -19"><span class='ocrx_word' id='word_1_182' title='bbox 199 2571 299 2624; x_wconf 87' lang='lat' dir='ltr'><strong>mente</strong></span> <span class='ocrx_word' id='word_1_183' title='bbox 318 2562 357 2622; x_wconf 85' lang='lat' dir='ltr'><strong>ed</strong></span> <span class='ocrx_word' id='word_1_184' title='bbox 380 2559 529 2622; x_wconf 87' lang='lat' dir='ltr'><strong>meierum</strong></span> <span class='ocrx_word' id='word_1_185' title='bbox 552 2579 695 2640; x_wconf 76' lang='lat' dir='ltr'><strong>personet</strong></span> <span class='ocrx_word' id='word_1_186' title='bbox 717 2571 850 2643; x_wconf 85' lang='lat' dir='ltr'><strong>sumpte,</strong></span> <span class='ocrx_word' id='word_1_187' title='bbox 878 2571 909 2622; x_wconf 91' lang='lat' dir='ltr'><strong>et</strong></span> <span class='ocrx_word' id='word_1_188' title='bbox 931 2561 1116 2643; x_wconf 87' lang='lat' dir='ltr'><strong>eempesite,</strong></span> <span class='ocrx_word' id='word_1_189' title='bbox 1138 2561 1302 2622; x_wconf 82' lang='lat' dir='ltr'><strong>foediorem</strong></span> 
     </span>
     <span class='ocr_line' id='line_1_23' title="bbox 199 2649 1327 2745; baseline 0 -20"><span class='ocrx_word' id='word_1_190' title='bbox 199 2665 401 2726; x_wconf 81' lang='lat' dir='ltr'><strong>reddiderant.</strong></span> <span class='ocrx_word' id='word_1_191' title='bbox 442 2661 500 2722; x_wconf 88' lang='lat' dir='ltr'><strong>Per</strong></span> <span class='ocrx_word' id='word_1_192' title='bbox 519 2661 645 2722; x_wconf 88' lang='lat' dir='ltr'><strong>selutem</strong></span> <span class='ocrx_word' id='word_1_193' title='bbox 663 2672 809 2740; x_wconf 78' lang='lat' dir='ltr'><strong>vestram,</strong></span> <span class='ocrx_word' id='word_1_194' title='bbox 833 2685 909 2745; x_wconf 85' lang='lat' dir='ltr'><strong>quse</strong></span> <span class='ocrx_word' id='word_1_195' title='bbox 931 2665 1007 2725; x_wconf 85' lang='lat' dir='ltr'><strong>mihi</strong></span> <span class='ocrx_word' id='word_1_196' title='bbox 1029 2685 1094 2726; x_wconf 91' lang='lat' dir='ltr'><strong>mee</strong></span> <span class='ocrx_word' id='word_1_197' title='bbox 1110 2663 1230 2726; x_wconf 84' lang='lat' dir='ltr'><strong>eberier</strong></span> <span class='ocrx_word' id='word_1_198' title='bbox 1245 2683 1302 2725; x_wconf 85' lang='lat' dir='ltr'><strong>ex-</strong></span> <span class='ocrx_word' id='word_1_199' title='bbox 1324 2649 1327 2656; x_wconf 16' lang='grc' dir='ltr'><strong>Α</strong></span> 
     </span>
     <span class='ocr_line' id='line_1_24' title="bbox 199 2764 1301 2849; baseline 0.005 -25"><span class='ocrx_word' id='word_1_200' title='bbox 199 2776 261 2844; x_wconf 83' lang='lat' dir='ltr'><strong>tet,</strong></span> <span class='ocrx_word' id='word_1_201' title='bbox 287 2788 350 2828; x_wconf 89' lang='lat' dir='ltr'><strong>une</strong></span> <span class='ocrx_word' id='word_1_202' title='bbox 368 2773 543 2828; x_wconf 83' lang='lat' dir='ltr'><strong>vestrorum</strong></span> <span class='ocrx_word' id='word_1_203' title='bbox 564 2764 695 2844; x_wconf 83' lang='lat' dir='ltr'><strong>pretiose</strong></span> <span class='ocrx_word' id='word_1_204' title='bbox 719 2767 812 2829; x_wconf 84' lang='lat' dir='ltr'><strong>vestis</strong></span> <span class='ocrx_word' id='word_1_205' title='bbox 834 2786 1016 2849; x_wconf 88' lang='lat' dir='ltr'><strong>procerum,</strong></span> <span class='ocrx_word' id='word_1_206' title='bbox 1041 2777 1162 2828; x_wconf 87' lang='lat' dir='ltr'><strong>centum</strong></span> <span class='ocrx_word' id='word_1_207' title='bbox 1181 2767 1301 2844; x_wconf 76' lang='lat' dir='ltr'><strong>buruni,</strong></span> 
     </span>
     <span class='ocr_line' id='line_1_25' title="bbox 201 2866 1301 2953; baseline 0.002 -27"><span class='ocrx_word' id='word_1_208' title='bbox 201 2877 232 2927; x_wconf 89' lang='lat' dir='ltr'><strong>et</strong></span> <span class='ocrx_word' id='word_1_209' title='bbox 251 2887 286 2928; x_wconf 88' lang='lat' dir='ltr'><strong>ee</strong></span> <span class='ocrx_word' id='word_1_210' title='bbox 308 2869 437 2950; x_wconf 86' lang='lat' dir='ltr'><strong>emplius</strong></span> <span class='ocrx_word' id='word_1_211' title='bbox 454 2866 616 2948; x_wconf 89' lang='lat' dir='ltr'><strong>pretiesior</strong></span> <span class='ocrx_word' id='word_1_212' title='bbox 639 2877 693 2928; x_wconf 84' lang='lat' dir='ltr'><strong>est</strong></span> <span class='ocrx_word' id='word_1_213' title='bbox 735 2868 850 2928; x_wconf 87' lang='lat' dir='ltr'><strong>Ductus</strong></span> <span class='ocrx_word' id='word_1_214' title='bbox 864 2889 934 2949; x_wconf 88' lang='lat' dir='ltr'><strong>erge</strong></span> <span class='ocrx_word' id='word_1_215' title='bbox 953 2869 994 2930; x_wconf 90' lang='lat' dir='ltr'><strong>ed</strong></span> <span class='ocrx_word' id='word_1_216' title='bbox 1014 2867 1190 2953; x_wconf 75' lang='grc' dir='ltr'><strong><em>προέλευσιν</em></strong></span> <span class='ocrx_word' id='word_1_217' title='bbox 1205 2870 1301 2950; x_wconf 85' lang='lat' dir='ltr'><strong>ipsern</strong></span> 
     </span>
     <span class='ocr_line' id='line_1_26' title="bbox 200 2969 1327 3051; baseline 0.006 -21"><span class='ocrx_word' id='word_1_218' title='bbox 200 2969 234 3030; x_wconf 88' lang='lat' dir='ltr'><strong>in</strong></span> <span class='ocrx_word' id='word_1_219' title='bbox 246 2971 433 3032; x_wconf 87' lang='lat' dir='ltr'><strong>eminentiori</strong></span> <span class='ocrx_word' id='word_1_220' title='bbox 445 2971 532 3047; x_wconf 90' lang='lat' dir='ltr'><strong>lece,</strong></span> <span class='ocrx_word' id='word_1_221' title='bbox 554 2969 642 3030; x_wconf 75' lang='lat' dir='ltr'><strong>iurte</strong></span> <span class='ocrx_word' id='word_1_222' title='bbox 660 2969 787 3051; x_wconf 80' lang='lat' dir='ltr'><strong>psaltes,</strong></span> <span class='ocrx_word' id='word_1_223' title='bbox 811 2970 906 3031; x_wconf 88' lang='lat' dir='ltr'><strong>idest</strong></span> <span class='ocrx_word' id='word_1_224' title='bbox 925 2980 1077 3048; x_wconf 88' lang='lat' dir='ltr'><strong>cauteres,</strong></span> <span class='ocrx_word' id='word_1_225' title='bbox 1099 2989 1167 3030; x_wconf 90' lang='lat' dir='ltr'><strong>eum</strong></span> <span class='ocrx_word' id='word_1_226' title='bbox 1183 2973 1327 3038; x_wconf 79' lang='lat' dir='ltr'><strong>consti-c</strong></span> 
     </span>
     <span class='ocr_line' id='line_1_27' title="bbox 198 3071 1302 3154; baseline 0.001 -22"><span class='ocrx_word' id='word_1_227' title='bbox 198 3081 291 3134; x_wconf 91' lang='lat' dir='ltr'><strong>tutus.</strong></span> <span class='ocrx_word' id='word_1_228' title='bbox 332 3071 467 3152; x_wconf 87' lang='lat' dir='ltr'><strong>Cumque</strong></span> <span class='ocrx_word' id='word_1_229' title='bbox 484 3071 568 3151; x_wconf 85' lang='lat' dir='ltr'><strong>qussi</strong></span> <span class='ocrx_word' id='word_1_230' title='bbox 587 3081 710 3153; x_wconf 79' lang='lat' dir='ltr'><strong>reptans</strong></span> <span class='ocrx_word' id='word_1_231' title='bbox 731 3080 901 3134; x_wconf 75' lang='lat' dir='ltr'><strong>mensuum</strong></span> <span class='ocrx_word' id='word_1_232' title='bbox 920 3073 999 3134; x_wconf 88' lang='lat' dir='ltr'><strong>illud</strong></span> <span class='ocrx_word' id='word_1_233' title='bbox 1019 3073 1213 3154; x_wconf 86' lang='lat' dir='ltr'><strong>procederet,</strong></span> <span class='ocrx_word' id='word_1_234' title='bbox 1236 3075 1302 3134; x_wconf 86' lang='lat' dir='ltr'><strong>cle-</strong></span> 
     </span>
     <span class='ocr_line' id='line_1_28' title="bbox 198 3173 1301 3254; baseline 0 -20"><span class='ocrx_word' id='word_1_235' title='bbox 198 3175 324 3234; x_wconf 80' lang='lat' dir='ltr'><strong>mebant·</strong></span> <span class='ocrx_word' id='word_1_236' title='bbox 341 3173 508 3236; x_wconf 85' lang='lat' dir='ltr'><strong>edulsteres</strong></span> <span class='ocrx_word' id='word_1_237' title='bbox 536 3174 667 3254; x_wconf 77' lang='lat' dir='ltr'><strong>psaltes:</strong></span> <span class='ocrx_word' id='word_1_238' title='bbox 697 3175 776 3236; x_wconf 88' lang='lat' dir='ltr'><strong>Ecce</strong></span> <span class='ocrx_word' id='word_1_239' title='bbox 797 3173 881 3236; x_wconf 82' lang='lat' dir='ltr'><strong>venit</strong></span> <span class='ocrx_word' id='word_1_240' title='bbox 905 3174 992 3234; x_wconf 86' lang='lat' dir='ltr'><strong>stelle</strong></span> <span class='ocrx_word' id='word_1_241' title='bbox 1011 3177 1176 3254; x_wconf 85' lang='lat' dir='ltr'><strong>metutiue,</strong></span> <span class='ocrx_word' id='word_1_242' title='bbox 1206 3175 1301 3254; x_wconf 87' lang='lat' dir='ltr'><strong>surgit</strong></span> 
     </span>
     <span class='ocr_line' id='line_1_29' title="bbox 197 3275 1299 3359; baseline 0.002 -23"><span class='ocrx_word' id='word_1_243' title='bbox 197 3276 294 3354; x_wconf 85' lang='lat' dir='ltr'><strong>Eous,</strong></span> <span class='ocrx_word' id='word_1_244' title='bbox 315 3277 487 3338; x_wconf 82' lang='lat' dir='ltr'><strong>reverberet</strong></span> <span class='ocrx_word' id='word_1_245' title='bbox 499 3276 609 3338; x_wconf 90' lang='lat' dir='ltr'><strong>obtutu</strong></span> <span class='ocrx_word' id='word_1_246' title='bbox 624 3277 697 3338; x_wconf 92' lang='lat' dir='ltr'><strong>selis</strong></span> <span class='ocrx_word' id='word_1_247' title='bbox 710 3276 827 3338; x_wconf 83' lang='lat' dir='ltr'><strong>redies:</strong></span> <span class='ocrx_word' id='word_1_248' title='bbox 848 3275 963 3359; x_wconf 76' lang='lat' dir='ltr'><strong>pallide</strong></span> <span class='ocrx_word' id='word_1_249' title='bbox 979 3278 1194 3337; x_wconf 76' lang='lat' dir='ltr'><strong>Saracenorum</strong></span> <span class='ocrx_word' id='word_1_250' title='bbox 1207 3299 1299 3354; x_wconf 88' lang='lat' dir='ltr'><strong>mors,</strong></span> 
     </span>
     <span class='ocr_line' id='line_1_30' title="bbox 197 3377 1298 3462; baseline 0.005 -24"><span class='ocrx_word' id='word_1_251' title='bbox 197 3377 386 3459; x_wconf 86' lang='lat' dir='ltr'><strong>Nicephorus</strong></span> <span class='ocrx_word' id='word_1_252' title='bbox 409 3377 526 3461; x_wconf 70' lang='grc' dir='ltr'><strong><em>μέδων,</em></strong></span> <span class='ocrx_word' id='word_1_253' title='bbox 547 3379 581 3439; x_wconf 93' lang='lat' dir='ltr'><strong>id</strong></span> <span class='ocrx_word' id='word_1_254' title='bbox 602 3389 648 3440; x_wconf 86' lang='lat' dir='ltr'><strong>eet</strong></span> <span class='ocrx_word' id='word_1_255' title='bbox 668 3380 820 3462; x_wconf 88' lang='lat' dir='ltr'><strong>Princeps.</strong></span> <span class='ocrx_word' id='word_1_256' title='bbox 865 3380 950 3440; x_wconf 88' lang='lat' dir='ltr'><strong>Unde</strong></span> <span class='ocrx_word' id='word_1_257' title='bbox 973 3389 1003 3440; x_wconf 89' lang='lat' dir='ltr'><strong>et</strong></span> <span class='ocrx_word' id='word_1_258' title='bbox 1023 3379 1216 3442; x_wconf 76' lang='lat' dir='ltr'><strong>cmtebeturt</strong></span> <span class='ocrx_word' id='word_1_259' title='bbox 1245 3380 1298 3462; x_wconf 76' lang='grc' dir='ltr'><strong>μὲ-</strong></span> 
     </span>
     <span class='ocr_line' id='line_1_31' title="bbox 195 3477 1297 3564; baseline 0.001 -21"><span class='ocrx_word' id='word_1_260' title='bbox 195 3481 291 3559; x_wconf 77' lang='lat' dir='ltr'><strong>deere,</strong></span> <span class='ocrx_word' id='word_1_261' title='bbox 305 3481 340 3542; x_wconf 89' lang='lat' dir='ltr'><strong>id</strong></span> <span class='ocrx_word' id='word_1_262' title='bbox 354 3491 400 3541; x_wconf 89' lang='lat' dir='ltr'><strong>est</strong></span> <span class='ocrx_word' id='word_1_263' title='bbox 414 3483 548 3564; x_wconf 85' lang='lat' dir='ltr'><strong>Principi</strong></span> <span class='ocrx_word' id='word_1_264' title='bbox 561 3481 743 3564; x_wconf 86' lang='lat' dir='ltr'><strong>Nicepbere,</strong></span> <span class='ocrx_word' id='word_1_265' title='bbox 757 3477 853 3546; x_wconf 71' lang='lat' dir='ltr'><strong>mellei</strong></span> <span class='ocrx_word' id='word_1_266' title='bbox 872 3480 921 3563; x_wconf 69' lang='lat' dir='ltr'><strong>leg</strong></span> <span class='ocrx_word' id='word_1_267' title='bbox 938 3478 990 3563; x_wconf 62' lang='grc' dir='ltr'><strong>ι5),</strong></span> <span class='ocrx_word' id='word_1_268' title='bbox 1002 3481 1036 3542; x_wconf 89' lang='lat' dir='ltr'><strong>id</strong></span> <span class='ocrx_word' id='word_1_269' title='bbox 1049 3492 1093 3543; x_wconf 89' lang='lat' dir='ltr'><strong>eet</strong></span> <span class='ocrx_word' id='word_1_270' title='bbox 1106 3483 1209 3564; x_wconf 87' lang='lat' dir='ltr'><strong>plures</strong></span> <span class='ocrx_word' id='word_1_271' title='bbox 1226 3484 1297 3544; x_wconf 88' lang='lat' dir='ltr'><strong>euni</strong></span> 
     </span>
     <span class='ocr_line' id='line_1_32' title="bbox 196 3581 1297 3662; baseline 0.005 -21"><span class='ocrx_word' id='word_1_272' title='bbox 196 3581 267 3642; x_wconf 84' lang='lat' dir='ltr'><strong>sint.</strong></span> <span class='ocrx_word' id='word_1_273' title='bbox 310 3582 422 3644; x_wconf 87' lang='lat' dir='ltr'><strong>Gentes</strong></span> <span class='ocrx_word' id='word_1_274' title='bbox 434 3583 517 3646; x_wconf 90' lang='lat' dir='ltr'><strong>hunc</strong></span> <span class='ocrx_word' id='word_1_275' title='bbox 531 3585 662 3662; x_wconf 78' lang='lat' dir='ltr'><strong>adorate,</strong></span> <span class='ocrx_word' id='word_1_276' title='bbox 675 3583 759 3646; x_wconf 89' lang='lat' dir='ltr'><strong>bunc</strong></span> <span class='ocrx_word' id='word_1_277' title='bbox 772 3585 872 3658; x_wconf 89' lang='lat' dir='ltr'><strong>colite,</strong></span> <span class='ocrx_word' id='word_1_278' title='bbox 892 3583 968 3646; x_wconf 88' lang='lat' dir='ltr'><strong>huie</strong></span> <span class='ocrx_word' id='word_1_279' title='bbox 980 3595 1065 3646; x_wconf 86' lang='lat' dir='ltr'><strong>tento</strong></span> <span class='ocrx_word' id='word_1_280' title='bbox 1080 3585 1159 3646; x_wconf 92' lang='lat' dir='ltr'><strong>celle</strong></span> <span class='ocrx_word' id='word_1_281' title='bbox 1171 3585 1297 3648; x_wconf 88' lang='lat' dir='ltr'><strong>subdite.</strong></span> 
     </span>
     <span class='ocr_line' id='line_1_33' title="bbox 197 3675 1297 3772; baseline 0.002 -26"><span class='ocrx_word' id='word_1_282' title='bbox 197 3683 319 3758; x_wconf 79' lang='lat' dir='ltr'><strong>Quanto</strong></span> <span class='ocrx_word' id='word_1_283' title='bbox 332 3694 408 3745; x_wconf 92' lang='lat' dir='ltr'><strong>tune</strong></span> <span class='ocrx_word' id='word_1_284' title='bbox 421 3687 522 3748; x_wconf 87' lang='lat' dir='ltr'><strong>verius</strong></span> <span class='ocrx_word' id='word_1_285' title='bbox 537 3695 692 3748; x_wconf 82' lang='lat' dir='ltr'><strong>canerent:</strong></span> <span class='ocrx_word' id='word_1_286' title='bbox 706 3687 801 3748; x_wconf 86' lang='lat' dir='ltr'><strong>Gerbo</strong></span> <span class='ocrx_word' id='word_1_287' title='bbox 815 3687 949 3748; x_wconf 81' lang='lat' dir='ltr'><strong>extincte</strong></span> <span class='ocrx_word' id='word_1_288' title='bbox 964 3688 1034 3750; x_wconf 87' lang='lat' dir='ltr'><strong>veni</strong></span> <span class='ocrx_word' id='word_1_289' title='bbox 1048 3675 1141 3772; x_wconf 73' lang='lat' dir='ltr'><strong>gellis,</strong></span> <span class='ocrx_word' id='word_1_290' title='bbox 1157 3709 1233 3749; x_wconf 88' lang='lat' dir='ltr'><strong>enus</strong></span> <span class='ocrx_word' id='word_1_291' title='bbox 1246 3688 1297 3748; x_wconf 91' lang='lat' dir='ltr'><strong>in-</strong></span> 
     </span>
     <span class='ocr_line' id='line_1_34' title="bbox 196 3785 1297 3873; baseline 0.005 -27"><span class='ocrx_word' id='word_1_292' title='bbox 196 3805 290 3863; x_wconf 83' lang='lat' dir='ltr'><strong>cessu,</strong></span> <span class='ocrx_word' id='word_1_293' title='bbox 313 3785 448 3850; x_wconf 77' lang='lat' dir='ltr'><strong>silvanus</strong></span> <span class='ocrx_word' id='word_1_294' title='bbox 464 3789 565 3868; x_wconf 83' lang='lat' dir='ltr'><strong>vultu,</strong></span> <span class='ocrx_word' id='word_1_295' title='bbox 588 3789 708 3868; x_wconf 84' lang='lat' dir='ltr'><strong>rustice,</strong></span> <span class='ocrx_word' id='word_1_296' title='bbox 729 3789 902 3872; x_wconf 79' lang='lat' dir='ltr'><strong>lustrivage,</strong></span> <span class='ocrx_word' id='word_1_297' title='bbox 926 3791 1071 3873; x_wconf 78' lang='lat' dir='ltr'><strong>capripes,</strong></span> <span class='ocrx_word' id='word_1_298' title='bbox 1095 3801 1228 3870; x_wconf 91' lang='lat' dir='ltr'><strong>cornute,</strong></span> <span class='ocrx_word' id='word_1_299' title='bbox 1247 3789 1297 3852; x_wconf 89' lang='lat' dir='ltr'><strong>bi-</strong></span> 
     </span>
     <span class='ocr_line' id='line_1_35' title="bbox 195 3887 1296 3974; baseline 0.008 -27"><span class='ocrx_word' id='word_1_300' title='bbox 195 3887 345 3966; x_wconf 85' lang='lat' dir='ltr'><strong>membris,</strong></span> <span class='ocrx_word' id='word_1_301' title='bbox 362 3891 483 3971; x_wconf 87' lang='lat' dir='ltr'><strong>setiger,</strong></span> <span class='ocrx_word' id='word_1_302' title='bbox 498 3893 651 3964; x_wconf 84' lang='lat' dir='ltr'><strong>indocilis,</strong></span> <span class='ocrx_word' id='word_1_303' title='bbox 669 3893 802 3974; x_wconf 86' lang='lat' dir='ltr'><strong>egrestis,</strong></span> <span class='ocrx_word' id='word_1_304' title='bbox 817 3894 951 3972; x_wconf 88' lang='lat' dir='ltr'><strong>berbere,</strong></span> <span class='ocrx_word' id='word_1_305' title='bbox 967 3895 1051 3974; x_wconf 87' lang='lat' dir='ltr'><strong>durs,</strong></span> <span class='ocrx_word' id='word_1_306' title='bbox 1064 3894 1182 3972; x_wconf 83' lang='lat' dir='ltr'><strong>villose,</strong></span> <span class='ocrx_word' id='word_1_307' title='bbox 1196 3895 1296 3956; x_wconf 91' lang='lat' dir='ltr'><strong>rebel-</strong></span> 
     </span>
     <span class='ocr_line' id='line_1_36' title="bbox 194 3991 1296 4075; baseline 0.008 -26"><span class='ocrx_word' id='word_1_308' title='bbox 194 3991 251 4070; x_wconf 87' lang='lat' dir='ltr'><strong>lis,</strong></span> <span class='ocrx_word' id='word_1_309' title='bbox 279 3991 455 4074; x_wconf 80' lang='lat' dir='ltr'><strong>Cappadox.</strong></span> <span class='ocrx_word' id='word_1_310' title='bbox 505 3994 601 4075; x_wconf 91' lang='lat' dir='ltr'><strong>lgitur</strong></span> <span class='ocrx_word' id='word_1_311' title='bbox 628 3995 772 4057; x_wconf 78' lang='lat' dir='ltr'><strong>falsidicis</strong></span> <span class='ocrx_word' id='word_1_312' title='bbox 793 3995 854 4057; x_wconf 87' lang='lat' dir='ltr'><strong>illie</strong></span> <span class='ocrx_word' id='word_1_313' title='bbox 874 3996 997 4058; x_wconf 82' lang='lat' dir='ltr'><strong>inflatus</strong></span> <span class='ocrx_word' id='word_1_314' title='bbox 1023 3998 1139 4058; x_wconf 86' lang='lat' dir='ltr'><strong>naeniis</strong></span> <span class='ocrx_word' id='word_1_315' title='bbox 1157 3999 1296 4058; x_wconf 86' lang='lat' dir='ltr'><strong>Seuctsm</strong></span> 
     </span>
    </p>
   </div>
   <div class='ocr_carea' id='block_1_5' title="bbox 236 4141 1300 4406">
    <p class='ocr_par' dir='ltr' id='par_1_5' title="bbox 236 4141 1300 4406">
     <span class='ocr_line' id='line_1_37' title="bbox 236 4141 1300 4224; baseline 0.004 -24"><span class='ocrx_word' id='word_1_316' title='bbox 236 4141 291 4223; x_wconf 32' lang='lat'>1⁵).</span> <span class='ocrx_word' id='word_1_317' title='bbox 311 4141 427 4198; x_wconf 78' lang='lat' dir='ltr'><strong>cedinus</strong></span> <span class='ocrx_word' id='word_1_318' title='bbox 444 4143 567 4218; x_wconf 73' lang='lat' dir='ltr'><strong>curepel.</strong></span> <span class='ocrx_word' id='word_1_319' title='bbox 585 4146 631 4201; x_wconf 84' lang='lat' dir='ltr'><strong>lib.</strong></span> <span class='ocrx_word' id='word_1_320' title='bbox 655 4146 695 4200; x_wconf 86' lang='lat' dir='ltr'><strong>De</strong></span> <span class='ocrx_word' id='word_1_321' title='bbox 715 4147 760 4200; x_wconf 84' lang='lat' dir='ltr'><strong>cll.</strong></span> <span class='ocrx_word' id='word_1_322' title='bbox 785 4149 861 4203; x_wconf 79' lang='lat' dir='ltr'><strong>serlus</strong></span> <span class='ocrx_word' id='word_1_323' title='bbox 887 4149 1085 4222; x_wconf 79' lang='lat' dir='ltr'><strong>Constantinop.</strong></span> <span class='ocrx_word' id='word_1_324' title='bbox 1104 4148 1173 4218; x_wconf 77' lang='lat' dir='ltr'><strong>“Ape</strong></span> <span class='ocrx_word' id='word_1_325' title='bbox 1191 4143 1244 4206; x_wconf 77' lang='lat' dir='ltr'><strong>ede</strong></span> <span class='ocrx_word' id='word_1_326' title='bbox 1259 4151 1300 4224; x_wconf 74' lang='lat' dir='ltr'><strong>egi</strong></span> 
     </span>
     <span class='ocr_line' id='line_1_38' title="bbox 262 4211 1298 4289; baseline 0.008 -24"><span class='ocrx_word' id='word_1_327' title='bbox 262 4229 315 4267; x_wconf 74' lang='lat' dir='ltr'><strong>ees</strong></span> <span class='ocrx_word' id='word_1_328' title='bbox 331 4211 445 4285; x_wconf 71' lang='grc' dir='ltr'><strong><em>βασιλέα</em></strong></span> <span class='ocrx_word' id='word_1_329' title='bbox 462 4219 605 4287; x_wconf 71' lang='grc' dir='ltr'><strong>φανῆναι,</strong></span> <span class='ocrx_word' id='word_1_330' title='bbox 623 4215 652 4271; x_wconf 82' lang='lat' dir='ltr'><strong>oi</strong></span> <span class='ocrx_word' id='word_1_331' title='bbox 665 4213 770 4286; x_wconf 72' lang='grc' dir='ltr'><strong><em>ψάλται</em></strong></span> <span class='ocrx_word' id='word_1_332' title='bbox 785 4216 887 4273; x_wconf 73' lang='grc' dir='ltr'><strong><em>αὐτίκα</em></strong></span> <span class='ocrx_word' id='word_1_333' title='bbox 899 4218 1037 4288; x_wconf 73' lang='grc' dir='ltr'><strong>ψάλλουσι</strong></span> <span class='ocrx_word' id='word_1_334' title='bbox 1051 4220 1083 4275; x_wconf 83' lang='lat' dir='ltr'><strong>sd</strong></span> <span class='ocrx_word' id='word_1_335' title='bbox 1095 4219 1298 4289; x_wconf 58' lang='grc' dir='ltr'><strong>πολυχρόνιον</strong></span> 
     </span>
     <span class='ocr_line' id='line_1_39' title="bbox 262 4281 1299 4406; baseline 0.01 -70"><span class='ocrx_word' id='word_1_336' title='bbox 262 4281 561 4406; x_wconf 40' lang='grc' dir='ltr'><strong>καὶαιῖαὲιαρμαα</strong></span> <span class='ocrx_word' id='word_1_337' title='bbox 581 4287 742 4370; x_wconf 68' lang='lat' dir='ltr'><strong>Imperator,</strong></span> <span class='ocrx_word' id='word_1_338' title='bbox 766 4295 885 4344; x_wconf 70' lang='lat' dir='ltr'><strong>coemes</strong></span> <span class='ocrx_word' id='word_1_339' title='bbox 906 4292 997 4345; x_wconf 67' lang='lat' dir='ltr'><strong>metu</strong></span> <span class='ocrx_word' id='word_1_340' title='bbox 1014 4299 1126 4347; x_wconf 76' lang='lat' dir='ltr'><strong>mant:</strong></span> <span class='ocrx_word' id='word_1_341' title='bbox 1147 4293 1190 4346; x_wconf 82' lang='lat' dir='ltr'><strong>Ad</strong></span> <span class='ocrx_word' id='word_1_342' title='bbox 1207 4292 1299 4346; x_wconf 72' lang='lat' dir='ltr'><strong>eeu·</strong></span> 
     </span>
    </p>
   </div>
   <div class='ocr_carea' id='block_1_6' title="bbox 0 0 1524 4796">
    <p class='ocr_par' dir='ltr' id='par_1_6' title="bbox 0 0 1524 4796">
     <span class='ocr_line' id='line_1_40' title="bbox 0 0 1524 4796; baseline 0 6"><span class='ocrx_word' id='word_1_343' title='bbox 0 0 1524 4796; x_wconf 95' lang='lat' dir='ltr'><strong> </strong></span> 
     </span>
    </p>
   </div>
  </div>
 </body>
</html>
