2956 4800
243 357 377 405 mum
405 349 445 413 Η.
460 342 617 412 CANISII
636 343 847 412 PRAEFAT.
867 343 929 412 AD
950 342 1117 414 LUITPR.
1139 343 1301 416 LEGAT.

243 505 328 594 poris
351 505 508 566 diversitos
529 525 592 563 non
615 502 721 562 obstet.
763 501 802 562 Et
821 501 899 562 sorte
914 503 941 562 si
962 501 1140 583 Luitprondi
1154 502 1225 562 libri
1239 503 1348 582 integri

244 595 391 686 extarent}
410 607 613 670 inveniremus
625 625 689 664 non
703 603 801 664 minus
816 604 1013 685 posteriorem
1027 603 1083 664 sub
1100 606 1210 666 Ottons
1224 607 1346 684 legatio-

242 731 322 790 nem,
339 731 428 792 quom
441 711 524 770 illem
539 709 670 790 priorem
682 707 737 766 sub
750 705 945 786 berengario,
959 727 1016 766 nec
1029 705 1195 768 dubitarem
1210 723 1267 790 pro
1283 729 1346 771 cer.

241 823 276 875 to
299 823 329 874 et
346 815 502 894 explorato
523 810 691 886 offirmare,
712 808 772 868 nisi
785 810 849 888 ipsc
864 808 1066 890 Luitprnndus
1080 799 1257 890 scripulum
1271 811 1347 870 inii-

226 926 343 994 ·cerot,
366 917 419 996 qui
439 915 492 976 lib.
514 913 564 978 v1.
587 933 653 995 cop.
670 917 699 978 6.
721 912 904 972 mentionem
928 913 1003 972 fecit
1023 912 1346 994 Luitprsndi‚Cremo-

241 1018 343 1079 nensis
358 1017 516 1100 Episcopi,
539 1033 664 1095 cumque
679 1014 745 1090 sit,
768 1033 835 1073 cum
850 1013 1027 1073 Landosrdo
1041 1016 1174 1089 Saxone,
1194 1013 1345 1095 Episcopo
1463 1015 1469 1022 “

240 1120 432 1198 Numedensi,
446 1121 483 1180 sb
492 1119 603 1178 Ottone
612 1117 718 1195 Magno
726 1118 851 1176 Romam
865 1116 988 1178 missum
1001 1117 1109 1181 esssnd
1119 1117 1258 1178 Ioannem
1266 1119 1346 1177 Pon-

240 1223 369 1284 tificem:
392 1234 422 1284 et
434 1223 466 1282 in
482 1221 616 1281 Concilio
631 1221 741 1278 Romae
752 1219 785 1277 in
801 1239 888 1278 cause
902 1211 1035 1278 ¹ciu'sdem
1052 1218 1172 1278 Ioannis
1187 1218 1345 1296 celebrato,
1453 1270 1459 1276 .

243 1345 312 1386 cum
328 1327 402 1386 Otto
415 1327 538 1385 Romam
555 1329 744 1404 occupasset,
765 1321 867 1400 fugato
887 1321 996 1381 losnns
1019 1329 1050 1379 st
1063 1318 1244 1399 Adelbsno,
1263 1321 1343 1382 inter

240 1426 406 1507 Episcopos
433 1427 552 1503 ileliae,
581 1426 634 1505 qui
651 1421 786 1483 Concilio
815 1423 1034 1500 interfuerunt,
1063 1431 1239 1482 numeretur
1258 1423 1345 1484 Luit-

239 1529 374 1608 prondus
396 1527 563 1610 Episcopus
579 1527 801 1602 Cremonensis,
824 1525 875 1606 qui
896 1535 926 1585 ct
945 1525 1077 1585 eiusdem
1094 1525 1213 1584 Ottonis
1232 1526 1265 1584 in
1290 1546 1345 1584 eo-

240 1629 308 1688 dem
323 1641 475 1690 couventu
490 1631 639 1709 interpres
652 1629 722 1690 fuit:
745 1649 815 1688 nem
838 1649 914 1708 quse
929 1631 1000 1690 0110
1012 1629 1161 1688 Saxonice
1177 1627 1279 1706 lingue
1295 1628 1344 1687 lo-

239 1731 396 1811 quebatur,
413 1731 919 1813 baecLuitpronduscremonensis
936 1731 1105 1812 Episcopus
1120 1729 1225 1788 Latine
1240 1729 1345 1794 redde,

238 1835 291 1896 bat
316 1835 422 1896 ceteris
447 1836 613 1917 Episcopis.
654 1833 756 1912 Adeo,
786 1843 823 1894 ut
840 1834 895 1894 vix
918 1833 1061 1894 credibile
1080 1831 1235 1910 videntur,
1255 1832 1344 1893 buit-

239 1937 389 2019 prendum
402 1937 588 2002 Historicum
601 1939 638 2000 de
650 1959 682 1999 ss
695 1937 780 2017 qussi
794 1936 832 1996 de
845 1937 904 1998 olio
917 1937 1089 1998 locuturum
1104 1935 1206 2013 fuisso,
1228 1935 1253 1996 si
1264 1935 1342 2016 ipss-

237 2051 300 2104 met
321 2043 440 2104 fuisset:
473 2061 543 2102 cuns
567 2043 658 2122 longe
679 2039 843 2100 minutiore
880 2039 917 2103 ds
934 2061 967 2103 ss
988 2041 1137 2122 rebusque
1161 2059 1179 2099 ι
1198 2041 1344 2122 so'gsstis

237 2145 349 2228 absque
366 2145 536 2227 ambagibus
550 2163 785 2208 commemorare
803 2142 905 2208 solent.
