3038 4796
424 381 468 451 IN
488 379 644 452 LEONIS
661 379 844 452 DlACONI
863 381 939 450 LlB.
959 384 999 450 Π.
1186 377 1258 452 421

167 557 284 618 quoque
294 537 553 620 Expugnationem
571 541 675 602 Cretae
692 539 852 602 Theodosii
863 541 988 602 Diaconi
1006 541 1178 624 aFogginio
1192 546 1258 608 edi-

165 632 227 683 tam
241 623 377 704 Append.
394 625 481 704 Gorp.
496 625 576 687 Hiet.
591 625 663 706 Byz.
678 627 870 694 361-390.

249 707 329 771 Ihe'd.
349 709 402 772 lin.
428 713 477 776 18.
498 713 597 796 χρυσῷ
615 709 667 773 καλ
689 709 800 792 λλθοις]
825 709 1017 772 Combetiaiua
1030 711 1257 796 therapne

163 791 267 878 χρύσρῖ
291 792 423 855 addidit:
446 805 473 852 et
497 798 684 874 margaritis.

248 879 327 957 Pssg·
342 883 392 944 29.
413 879 469 938 lin·
483 883 514 945 3.
537 873 774 963 Θρινμβεύσαντι
786 875 819 942 δὲ
831 881 874 963 τῷ
888 875 1066 964 Νικηφύρρι]
1082 879 1170 939 Getta
1184 893 1256 942 eunt

165 981 240 1042 quae
265 971 433 1042 sequuntur
451 984 477 1025 a.
492 968 571 1032 962:
591 958 799 1042 vide'Pagium
817 963 920 1026 critic.
936 966 975 1024 ad
988 964 1096 1024 Boron.
1107 965 1158 1026 Ν.
1174 969 1205 1031 3.
1220 967 1255 1029 C.

164 1045 274 1108 Eadem
298 1053 473 1126 tempestate
493 1048 660 1108 Romanum
683 1048 849 1106 Saronitam
873 1048 1045 1128 Magistrum
1066 1049 1184 1109 saeculo
1204 1070 1255 1110 re-

162 1131 321 1191 nunciasse
339 1131 490 1192 cedrenus
509 1142 614 1193 auctor
635 1141 679 1194 eat
696 1131 772 1193 Hiot.
794 1133 833 1192 ll.
853 1131 924 1198 644.
941 1135 974 1198 Β.
1008 1133 1066 1193 Ubi
1086 1155 1123 1193 ex
1140 1133 1254 1215 optimo

164 1215 392 1298 Cod.Scylitzae
406 1217 471 1294 lege
487 1213 529 1292 ὥς
543 1211 690 1298 ἐβούλετο,
701 1238 763 1276 non
774 1215 815 1290 ολς
824 1213 1006 1297 ἐβουλεύετο,
1026 1227 1062 1278 ut
1076 1217 1156 1278 estin
1171 1239 1253 1280 caeo.

162 1301 254 1360 Paulo
278 1310 359 1381 poet,
382 1301 414 1360 C.
426 1301 479 1362 lin.
493 1305 524 1367 6.
538 1301 576 1362 de
590 1301 761 1377 Philemo,
783 1301 833 1380 qui
847 1318 902 1382 per
917 1302 1030 1362 circum
1047 1322 1133 1381 equea
1150 1324 1255 1365 curre·

163 1385 216 1446 bat
236 1385 285 1448 tet
298 1389 353 1466 τῆς
366 1384 539 1466 ἒφεστρίδος
550 1380 705 1467 ἱστάμενος
716 1381 839 1467 ὄρθιος,
859 1387 937 1446 male
949 1387 1119 1467 Xylonder,
1140 1391 1254 1449 iniecta

161 1480 242 1530 uerte
251 1503 294 1516 -
307 1473 335 1529 ei
348 1469 506 1528 imiotebat
518 1483 633 1530 rectua:
654 1470 782 1550 indeque
797 1471 837 1529 Le
848 1471 941 1548 Beau,
963 1471 1053 1531 bomo
1068 1493 1129 1533 non
1143 1475 1251 1546 insana,

161 1575 258 1634 neque
276 1554 438 1633 indoctus,
462 1555 514 1614 aed
532 1556 585 1635 qui
605 1555 700 1614 multo
721 1555 812 1633 magia
834 1575 872 1614 ex
893 1556 1077 1617 versionibus
1101 1579 1189 1637 quam
1214 1579 1253 1618 ex

160 1639 233 1718 ipsia
255 1639 425 1700 auctoribus
443 1639 599 1700 historiam
621 1639 784 1716 conflabat,
805 1641 891 1702 Hiot.
909 1639 952 1698 du
963 1645 1031 1698 Bar
1042 1644 1154 1722 -Ειιτμ,
1169 1643 1252 1706 XVI.

160 1727 212 1790 81.
233 1725 265 1787 Β.
288 1747 361 1784 aano
377 1725 448 1782 celle
466 1727 501 1782 ni
516 1725 626 1783 houaee
645 1746 702 1804 que
716 1745 770 1782 aon
782 1724 883 1802 tabit,
907 1723 980 1783 dont
997 1726 1025 1783 il
1035 1730 1119 1785 avait
1133 1738 1253 1786 couvert

161 1808 189 1866 le
204 1808 319 1870 cheval.
359 1809 424 1872 Imo
440 1828 529 1885 vero,
551 1832 582 1868 ae
598 1820 702 1868 tenant
715 1807 822 1867 debout
837 1831 891 1868 aur
907 1809 940 1867 la
953 1811 1038 1886 aelle,
1060 1819 1094 1871 ut
1107 1821 1190 1872 recte
1199 1811 1252 1870 iu-

160 1892 309 1953 telleriana
319 1893 438 1969 videtur
447 1894 662 1955 Levenklaviua
675 1893 712 1954 od
721 1895 846 1973 Glycam
854 1894 925 1959 304.
939 1895 970 1954 C.
983 1895 1099 1955 Etenim
1111 1895 1248 1979 ἕφεστρλς
1261 1907 1293 1964 Ρ,
1310 1907 1363 1968 202

160 1978 242 2057 apud
257 1977 417 2058 scriptoree
438 1978 529 2038 medii
552 1979 618 2039 aevi
637 1987 682 2038 eat
694 1989 827 2037 atratum
842 1989 986 2058 equestre,
1008 1981 1104 2038 aella.-
1124 1981 1251 2061 ideoque

158 2061 233 2122 bene
245 2063 325 2126 leit.
337 2061 480 2122 echoliola
496 2063 534 2122 ad
548 2084 630 2124 oram
646 2063 718 2123 Cod.
741 2063 915 2143 Soylitziani
931 2083 1018 2142 quem
1033 2065 1115 2124 dixi:
1131 2064 1182 2128 λιιλ
1195 2070 1251 2146 τῆς
1274 2105 1277 2110 ·

159 2146 270 2221 σὲλλυς.
311 2147 414 2226 Neque
438 2147 544 2207 melius
558 2148 713 2228 Xylonder
726 2148 800 2208 haec
815 2147 939 2208 cedreni
958 2153 1030 2214 671.
1045 2149 1080 2209 A.
1094 2145 1151 2229 τήν
1161 2149 1195 2214 ἒν
1210 2155 1250 2236 τῇ

158 2231 310 2315 ἐφεστρλδι
323 2231 542 2313 πορωρημὲνην
554 2232 585 2312 [l
595 2230 849 2318 καρροορημὲνην]
864 2227 1013 2315 κορύνην,
1026 2235 1145 2292 clavam
1153 2255 1249 2314 quam

158 2317 216 2375 aab
230 2315 451 2396 paludamento
466 2315 642 2396 pendentem
652 2319 792 2394 serebat.-
814 2317 910 2376 acribo
931 2318 1052 2375 claram
1074 2317 1119 2376 ad
1141 2319 1249 2377 sellam

158 2422 346 2481 οιιομειτοαοι,
369 2402 449 2480 quod
463 2403 511 2462 vel
524 2401 588 2482 ipae
604 2403 759 2482 Xylender
771 2400 855 2482 quaei
870 2421 926 2482 per
941 2403 1094 2480 caliginem
1111 2404 1248 2484 auspica-

157 2495 276 2561 tuaest,
297 2487 329 2546 in
351 2487 590 2547 annotationibus
605 2488 654 2554 25.
669 2488 703 2548 1).
735 2485 838 2566 Aeque
850 2487 926 2545 male
938 2485 1109 2567 llieronym.
1125 2488 1249 2548 Wolfiua

156 2571 191 2630 iu
209 2572 311 2631 Niceta
333 2571 469 2632 Choniot.
484 2571 535 2636 41.
552 2571 585 2634 A.
600 2577 665 2644 ταῖς
685 2571 853 2650 ἐφεστρίσιν
868 2606 904 2616 -
923 2568 1136 2653 ἐποχούμενοι,
1158 2594 1247 2652 ευμεν

153 2656 267 2734 palliia
292 2659 477 2734 equitanico:
498 2657 827 2732 intercutaneum.
843 2657 874 2717 C.
896 2653 1021 2738 (doeineq
1036 2661 1077 2742 τῇ
1097 2657 1248 2738 ἒφεστρίδι

158 2735 395 2820 ἕμπετιερούνητο,
407 2750 499 2816 recte,
513 2741 724 2820 quaeiflbnlie
738 2743 829 2798 cellae
843 2741 965 2820 affixae.
990 2742 1132 2801 Similiter
1145 2741 1177 2800 in
1190 2743 1246 2801 Mi-

160 2823 262 2882 chable
280 2824 358 2882 Duco
369 2825 445 2884 Hiat.
459 2825 616 2904 Byzantio.
630 2831 679 2891 96.
695 2827 730 2883 D.
746 2825 866 2896 ἕκαστος
880 2825 913 2886 ἒν
927 2829 966 2910 τῇ
979 2825 1127 2906 ἐφεστρίὸι
1142 2824 1246 2906 φύρων

157 2908 211 2971 καλ
225 2913 334 2990 μοῖραν
349 2909 473 2988 φορτίου
491 2909 633 2991 ἔμμετρον
644 2911 776 2990 χρυσίου,
797 2909 962 2968 Bullialdua
974 2911 1058 2984 mole,
1077 2909 1197 2986 fhrebat
1212 2912 1246 2968 ιἰτ

155 3004 235 3056 verte
246 2997 459 3074 unusquisque,
482 3015 550 3054 cum
564 2999 598 3052 in
610 2995 687 3052 aella
698 2994 877 3053 vertendum
891 2993 931 3052 sit
947 2989 993 3071 (ἐν
1005 3000 1070 3066 τοῖς
1085 2998 1245 3074 σογμοσελ-
1296 3027 1298 3035 ·

154 3080 232 3151 λίοις
243 3077 402 3157 Nicephor.
421 3079 503 3138 Tact.
513 3080 582 3145 146.
593 3076 654 3159 B.):
669 3097 763 3156 neque
776 3077 881 3137 melius
890 3077 1041 3136 Bnlloreue
1051 3078 1084 3136 in
1094 3077 1242 3137 Theodor.

154 3161 292 3224 Rhoithu
307 3164 348 3221 lle
363 3163 509 3224 incarnat.
531 3163 643 3223 Christi
658 3163 709 3229 45.
720 3163 754 3223 Β.
773 3171 803 3220 et
821 3161 935 3221 Tollius
955 3163 992 3220 ad
1013 3162 1146 3220 Cinnam.
1167 3163 1244 3220 Hiat.

156 3250 226 3316 105.
239 3248 272 3310 B.
287 3247 491 3350 Antiquiorem
504 3247 747 3326 significationem
762 3255 860 3306 servat
868 3265 929 3305 vox
937 3246 1017 3325 opud
1030 3245 1182 3324 hgotlriam
1189 3249 1242 3311 93.
1265 3269 1270 3285 ·

153 3331 191 3391 Ι).
210 3331 244 3396 ἐκ
263 3336 324 3393 τῶν
337 3334 435 3408 ξυλωυ
447 3356 479 3394 τε
492 3333 543 3395 κοιλ
556 3332 737 3412 ἕῳεστρίδων
753 3329 986 3411 ἐσκευασμένους
999 3331 1167 3408 ολκλσκους,
1187 3329 1269 3398 ubil!

155 3416 255 3475 minus
270 3417 422 3476 commode
443 3417 575 3478 vertitur
595 3440 610 3474 e
618 3417 771 3496 pellebar:
793 3411 888 3475 scribe
907 3419 1031 3494 eoagio.

239 3500 317 3562 thid.
338 3503 394 3560 lin.
417 3505 466 3567 18.
486 3503 667 3582 Magnopere
685 3503 773 3578 enim]
797 3500 878 3559 Haec
892 3510 923 3559 et
935 3498 1086 3578 sequentia
1097 3517 1190 3579 usque
1204 3495 1244 3558 ad

152 3583 243 3643 finem
257 3585 328 3644 libri
346 3580 485 3670 (praeter
499 3596 598 3646 tamen
614 3596 703 3664 ceput
719 3587 766 3660 X,
789 3585 869 3664 quod
883 3604 978 3665 paene
989 3593 1087 3644 totum
1102 3584 1166 3664 ipae
1177 3592 1242 3650 tra·

153 3667 248 3740 duxi)
263 3691 280 3727 a
296 3670 471 3730 combefisio
484 3691 570 3731 verae
585 3671 664 3751 apud
681 3671 800 3748 Pogium
817 3669 865 3730 lv.
886 3673 990 3734 3-6.
1010 3678 1080 3728 eunt
1092 3677 1218 3730 aunam.

229 3751 306 3812 Ibid.
326 3755 381 3816 lin.
406 3755 455 3820 14.
478 3752 551 3836 ττρὸς
564 3751 660 3838 ἄνδρα
673 3749 853 3837 καρτερικὸν]
875 3751 1159 3834 Καρτερικύςηεωο,
1175 3752 1242 3832 ορί·

151 3858 224 3909 nor.
246 3838 322 3899 vitio
342 3838 416 3898 mihi
441 3841 522 3899 dabit
542 3841 622 3919 quod
637 3841 715 3898 verti
723 3841 832 3916 sortia.
874 3838 1002 3897 Deuotat
1013 3838 1092 3898 enim
1105 3857 1172 3896 oum
1187 3837 1241 3916 qui

152 3922 225 3982 lorti
254 3933 298 3981 ert
324 3923 432 3984 animo.
485 3925 575 3998 Quod
607 3925 769 4003 dupliciter
796 3922 1019 3982 manifestatur:
1046 3921 1145 4004 primo
1171 3941 1242 3981 cum

150 4027 214 4064 uon
234 4027 391 4068 movemur
412 4009 631 4088 voluptatibus,
653 4008 759 4068 deinde
786 4007 926 4068 dolorum
951 4007 1145 4085 laborumque
1164 4026 1243 4066 con-

151 4099 255 4156 temtu.
298 4093 385 4154 Unde
414 4093 567 4156 fluxerunt
593 4093 667 4152 duae
701 4092 929 4170 significationes
959 4091 1098 4150 vocabuli
1121 4089 1242 4150 affinem

150 4175 235 4254 prior
260 4181 432 4256 continnae,
456 4179 517 4239 aive
535 4179 635 4258 potius
655 4179 821 4252 abstinens,
845 4185 877 4236 ut
899 4186 980 4236 recte
994 4165 1104 4236 finit‘s.
1117 4176 1244 4236 Basilius

150 4259 263 4322 Homil.
285 4263 319 4322 in
338 4265 392 4322 xl.
411 4273 510 4324 marti.
528 4263 552 4323 l.
572 4265 642 4330 532.
657 4263 692 4324 B.
710 4257 748 4324 ου’
763 4259 820 4362 γύρ
835 4255 988 4342 ὅύττοροῖν
1002 4267 1061 4323 τῶν
1073 4255 1245 4342 ύνογκοιλωυ

151 4345 340 4430 καρτερικὸς,
361 4343 430 4410 ἄλλ’
450 4349 467 4416 ὁ
485 4349 518 4414 ἐν
538 4342 678 4436 α’φθονλρ
698 4342 891 4424 ύιτολανσεοος
911 4346 1093 4430 ἐμκορτεροῖυ
1106 4352 1169 4419 τοῖς
1182 4347 1245 4406 λει-
