2956 4800
245 336 328 386 xxrs
433 385 436 395 ,
652 325 934 398 numu

247 486 336 568 pino.
379 484 455 549 Llll.
476 481 623 567 Πεοῖτοῦ
636 479 790 550 διδάσκειν
806 483 858 552 τὸν
873 485 998 572 στραιόν
1012 489 1190 567 ιιαὶόθίζιιν
1212 489 1255 554 ἔτι
1270 491 1356 578 ἒνιῇ

248 587 313 674 tate
327 584 414 666 ὄντα,
435 583 512 650 ansol
525 583 612 664 τάξιν
626 582 810 676 οἷνιληιιεύειν
825 589 876 654 καὶ
894 589 1077 677 ὁδοιπορεῖν.
1110 593 1186 656 Ltv.
1209 593 1286 676 Περὶ
1297 597 1355 659 τοῦ

246 683 493 755 οἰιαλλάιτεσθαι
506 686 560 766 τὰς
576 683 752 765 insalabitur
766 685 865 770 τάξεις
879 691 936 774 τήν
952 699 1007 760 τοῦ
1020 691 1099 760 atne
1112 697 1279 772 διακονίαν,
1302 693 1355 760 deal

245 789 300 856 τόν
324 788 423 856 netto
440 785 539 856 κόπον
555 797 611 856 τοῦ
629 787 773 874 ἄρχοντος
796 797 835 870 *t
877 796 938 860 LV.
964 797 1043 881 Περὶ
1064 803 1125 862 τοῖν
1145 797 1356 880 ὑποκειμένων

247 893 410 972 δονλειαῖν,
432 888 480 960 ὅτι
497 890 554 978 χρή
574 890 633 978 πρὸ
654 893 801 976 ἡμετέρας
822 891 934 979 ταύτης
955 899 1164 984 λελογισμένης
1187 901 1224 980 [l.
1240 899 1354 983 ἡμέρας

244 993 355 1070 ταύτας
367 994 600 1080 λελογισμένως]
620 1001 738 1060 τνιιοῦν
752 996 806 1060 καὶ
819 999 1025 1070 διατίθεσθαι.
1067 1003 1126 1081 Ea,
1144 1001 1277 1082 inquam,
1301 1023 1354 1063 ca-

245 1098 326 1180 pita,
349 1099 569 1179 qualiacunque
591 1108 678 1178 sunt,
701 1109 731 1159 et
750 1100 895 1182 descripsi
913 1103 1092 1187 iampridem
1109 1115 1139 1166 et
1153 1107 1259 1166 latine
1277 1126 1353 1166 con-

142 1253 147 1262 .
244 1203 339 1280 verti,
362 1203 451 1264 utin
471 1201 664 1280 subsequenti
685 1201 784 1282 aliquo
806 1205 962 1266 volumine
982 1207 1070 1267 facila
1092 1209 1211 1286 vulgari
1229 1216 1351 1288 queant,

243 1304 269 1366 si
283 1304 373 1366 modo
389 1305 468 1366 tanti
483 1305 626 1366 videntur
640 1304 776 1366 eruditio.
821 1306 960 1381 Quorum
972 1309 1119 1378 indicium
1130 1309 1189 1371 hac
1203 1311 1241 1372 de
1251 1331 1285 1372 re
1296 1330 1352 1372 ex·

245 1408 352 1488 quire,
374 1427 475 1468 meum
489 1407 608 1468 nullum
625 1406 831 1489 interponens.

125 1568 156 1624 P.
173 1571 230 1622 xvt
257 1631 261 1638 ,
330 1561 399 1622 XII.
419 1559 483 1621 lam
499 1561 582 1642 quod
600 1559 638 1621 ad
650 1561 1086 1643 interpretationemLatinam
1105 1564 1256 1626 Hiatoriae
1273 1563 1352 1625 Leo·

245 1663 294 1724 nis
310 1663 436 1741 attinet,
458 1664 541 1725 locos
553 1664 702 1725 versionis
718 1666 951 1754 Combelisianee
960 1712 969 1744 ,
991 1667 1025 1726 in
1042 1667 1160 1727 Cr'iticis
1176 1666 1247 1746 Pagi
1264 1664 1353 1751 (vida

158 1822 160 1834 ,
244 1785 336 1848 supra
351 1787 417 1847 pag.
433 1765 472 1836 V.
486 1763 533 1849 D.)
556 1776 699 1845 servatos,
721 1769 782 1828 uisi
793 1768 846 1829 ubi
858 1769 1016 1830 manifesto
1032 1769 1135 1852 lapsas
1152 1779 1232 1843 erat,
1246 1769 1353 1832 iisdem

243 1871 463 1952 propemodum
483 1871 584 1931 verbis
603 1869 635 1929 in
648 1870 810 1932 editionem
827 1893 922 1932 meam
936 1872 1037 1932 retuli.
1081 1873 1228 1934 Cuiusrei
1242 1893 1352 1932 nnum-

245 1991 395 2054 quemque
415 1973 598 2033 admonitum
620 1994 682 2033 ease
705 1977 811 2036 velim:
833 1997 887 2054 ne,
914 1973 940 2034 si
968 1995 1059 2056 quem
1081 1975 1115 2034 in
1139 1976 1277 2038 versione
1298 1985 1352 2036 ant

242 2075 315 2155 styli
337 2075 557 2153 inconstantia,
579 2084 630 2134 aut
649 2075 805 2158 quippiam
826 2071 955 2138 fortasse
979 2097 1042 2137 non
1066 2077 1137 2136 satia
1162 2097 1238 2158 pure
1260 2085 1352 2158 atque

242 2179 398 2238 emendate
415 2177 528 2238 dietum
548 2172 724 2258 offenderit,
747 2179 893 2242 continuo
911 2179 945 2238 id
957 2179 991 2238 in
1003 2177 1267 2260 reprehensionem
1278 2199 1351 2241 ver·

242 2281 369 2341 tendum
385 2289 482 2364 putet.
525 2279 600 2339 Nam
622 2289 686 2340 erat
710 2281 905 2342 combefisius
928 2279 1019 2342 homo
1043 2279 1112 2361 pius
1134 2281 1255 2361 quidem
1273 2292 1303 2342 et
1316 2281 1351 2343 iu

241 2383 332 2444 rebus
355 2385 447 2445 sacris
471 2382 662 2462 singulariter
683 2381 808 2461 doctus,
833 2385 886 2443 sed
904 2384 957 2464 qui
975 2401 1129 2463 nunquam
1148 2383 1185 2442 ab
1206 2383 1349 2444 orationis

242 2486 403 2566 asperitate
417 2486 625 2567 maestitiaque
641 2488 742 2546 abasse
758 2486 868 2566 potuit.
910 2485 1004 2546 Nobis
1018 2505 1136 2568 qnoque
1152 2485 1186 2543 in
1205 2485 1348 2545 universo

241 2587 397 2648 volumine
411 2587 531 2668 linguae
549 2598 638 2668 atque
655 2588 836 2649 elocutionis
855 2609 928 2648 cura
943 2587 1073 2672 (vercor)
1098 2609 1161 2648 non
1175 2577 1259 2646 tanta
1279 2587 1347 2667 suit,

241 2698 354 2769 quanta
370 2709 434 2749 essa
454 2699 591 2772 poterat,
613 2691 739 2764 fortasse
761 2691 850 2752 etiam
867 2691 1002 2754 debebat.
1046 2691 1105 2751 Sed
1127 2689 1245 2750 veniam
1266 2694 1349 2749 elus-

240 2791 323 2852 modi
344 2791 462 2853 facilius
485 2793 550 2852 dari
566 2814 654 2874 poene
670 2795 809 2856 existimo
832 2795 1017 2875 Byzantinae
1038 2792 1183 2853 historiae
1195 2791 1347 2872 studiosis,

241 2893 426 2974 omninoque
437 2893 474 2954 iis
494 2896 544 2975 qui
559 2895 593 2956 in
607 2897 807 2976 scriptoribus
822 2897 914 2957 medii
930 2895 1013 2974 aevi,
1034 2897 1135 2957 nescio
1149 2895 1224 2975 quid
1238 2895 1347 2956 barba-

239 3015 310 3058 rum
332 3006 362 3056 et
382 2997 600 3056 inconcinnum
625 2997 819 3078 sonantibus,
851 3001 1061 3079 cogitationem
1086 2998 1196 3080 perdiu
1216 3008 1346 3080 ponunt.

237 3099 406 3177 Praeterea,
419 3099 568 3160 bonorum
582 3100 764 3181 scriptorum
772 3103 950 3184 exemplum
965 3109 1155 3178 consecutus,
1164 3101 1214 3161 vel
1227 3102 1260 3161 in
1275 3109 1348 3164 ναοὶ·

238 3203 284 3264 bis
307 3203 346 3262 ad
370 3203 528 3284 religiones
553 3203 822 3284 persuasionesque
849 3203 1086 3286 pertinentibus,
1119 3203 1172 3262 ubi
1196 3203 1347 3263 'difficilli-

238 3327 321 3366 mum
342 3317 421 3384 erat,
453 3305 547 3367 malui
565 3307 719 3366 interdum
743 3306 859 3387 aliquid
879 3305 987 3367 audere
1006 3305 1123 3386 potius,
1154 3327 1243 3384 quam
1263 3306 1346 3366 Lati·
1371 3323 1374 3330 ·

238 3431 308 3470 nam
326 3411 492 3470 orationem
508 3411 612 3472 multis
629 3407 750 3470 Graecis
764 3409 920 3469 vocabulis
936 3408 1103 3487 inquinare.
1149 3410 1285 3468 Nomina
1298 3431 1346 3468 re-

239 3533 311 3571 rum
328 3515 447 3572 Graeca
464 3535 544 3594 qrsae
558 3515 761 3573 convertimus
779 3511 827 3593 (ut
843 3509 998 3570 Cornificii
1013 3510 1111 3571 verbis
1128 3519 1214 3590 utar,
1237 3521 1345 3591 quarto

237 3613 485 3698 Rhetoricorum)
496 3663 504 3694 ‚
525 3639 559 3689 en
572 3628 688 3675 remota
710 3625 783 3672 sunt
806 3635 826 3672 α
842 3603 1074 3673 consuetudine:
1097 3633 1177 3694 quae
1197 3616 1345 3702 enim'rea

238 3713 327 3796 apud
341 3727 654 3795 aerumnosarum,
677 3739 783 3784 earum
797 3738 897 3775 rerum
912 3718 1038 3775 nomina
1057 3737 1116 3774 non
1124 3725 1268 3795 poterant
1283 3738 1345 3775 esee

239 3823 369 3879 usitata.
423 3820 646 3898 Designationes
678 3821 875 3900 dignitatum,
912 3815 1103 3895 patriarcha,
1145 3819 1343 3898 Domesticus,

192 3903 199 3910 ⁸
239 3922 443 4001 mangenas,
466 3923 586 4002 aliaque
600 3923 634 3986 id
646 3943 754 4007 genua,
775 3919 943 3982 necessario
958 3919 1084 3996 retinui,
1106 3920 1223 3980 tametsi
1239 3941 1276 3979 ex
1292 3921 1344 3979 ni-

241 4025 387 4085 tidissimo
404 4025 574 4085 Latinitatis
597 4026 682 4086 sonte
704 4024 937 4104 haudquaquam
953 4021 1162 4105 profluxerint.
1214 4023 1296 4098 Quas
1316 4023 1344 4083 si

275 4213 305 4284 *)
328 4211 375 4266 Sle
392 4211 497 4266 Codexa
522 4209 568 4264 sed
590 4211 658 4265 lecto
684 4209 770 4282 capite
794 4209 879 4264 malim
896 4207 972 4260 linem
985 4205 1056 4260 tituli
1072 4211 1169 4262 mutare
1185 4203 1238 4260 sicr
1253 4203 1344 4264 -ιιό-

309 4301 381 4353 ιον,
398 4283 452 4340 τοῦ
469 4277 621 4353 dolosana,
636 4281 665 4338 sl
680 4278 818 4350 dorcada,
835 4279 971 4350 μένοντος
987 4273 1085 4334 αὐτοῦ.
1151 4325 1159 4336 .
