2984 4798
304 275 309 284 ’
399 317 445 386 nr
465 314 707 387 armonem
726 313 959 386 acaossas.
1160 304 1237 384 ess

142 471 271 556 phorum
285 471 467 534 Theodosius
479 473 569 537 modo
586 481 712 534 enarrat.
755 471 923 534 Verisimile
937 481 1101 552 esttamen,
1122 475 1156 536 id
1172 496 1235 536 non

142 579 262 638 prorsus
276 559 314 618 ad
329 557 556 620 assentationem
568 557 728 639 Nicephori
742 578 759 616 a
772 565 859 640 poeta
873 557 962 618 luisse
975 557 1128 640 scriptum,
1142 581 1236 641 qumu

141 643 277 702 Incertus
300 643 499 704 continuator
520 641 709 726 Theophanis
736 643 770 702 in
792 641 918 704 Rotnani
935 641 1064 702 Iunioris
1079 645 1139 702 vita
1152 666 1235 706 num.

140 728 192 790 XL
210 749 279 808 pag.
296 733 367 794 298.
389 727 592 809 Nicephorum
616 727 651 788 ab
665 727 805 806 Agerenis
827 723 1054 790 reformidatum
1073 729 1183 790 scribat
1197 731 1236 790 ob

139 811 203 872 eius
216 809 273 916 spis
287 811 433 896 ὅιὲγερσιν
446 813 497 876 sel
510 808 645 890 σύνεσιν,
666 812 717 876 nei
732 809 789 896 eris
805 809 878 896 sapie
894 809 972 876 Θεδν
987 811 1102 888 πίστιν,
1123 812 1174 876 sei
1187 815 1235 876 ‹ls-

137 918 324 977 ttettoovs'nv,
352 899 477 978 vigilem
496 898 691 980 solertemque
715 903 869 976 annnam,
888 895 1045 980 fidemque
1070 900 1105 958 in
1124 900 1236 976 Deum,

138 993 167 1042 et
186 985 353 1042 iustitiam.

226 1072 277 1134 62.
300 1060 406 1130 Kelol
423 1061 595 1152 προβάλλει]
617 1067 712 1146 Roget
729 1066 823 1128 Deum
839 1065 1036 1148 Nicephorns,
1054 1065 1135 1128 utin
1150 1065 1232 1128 obse.
1250 1063 1282 1118 P.
1298 1065 1350 1122 ³79

137 1151 243 1232 quium
268 1151 428 1212 Christiani
448 1153 554 1233 populi
580 1152 767 1214 Cretensium
789 1162 887 1214 turres
909 1161 941 1212 et
967 1151 1083 1212 moenis
1108 1151 1238 1231 deiiciat,
1256 1135 1341 1188 ⁰⁰¹4

138 1235 389 1316 quemadmodum
413 1259 468 1318 pro
490 1237 631 1298 Hebraeis
656 1237 690 1298 in
721 1238 938 1318 expugnatione
960 1235 1055 1298 lerico
1077 1237 1116 1296 ad
1135 1258 1239 1318 preces

137 1321 239 1466 Iosupl
246 1321 326 1383 fecit.
368 1322 436 1386 vid.
450 1323 507 1384 Ios.
526 1344 591 1404 cap.
606 1343 657 1398 va,
676 1343 734 1404 qua
760 1321 796 1383 de
809 1343 843 1384 re
863 1331 893 1384 et
909 1323 981 1382 Dux
996 1321 1146 1403 gloriosus
1162 1321 1238 1384 Deus

138 1427 154 1465 a
200 1428 215 1466 e
241 1415 316 1470 atur.

155 1427 197 1488 pp
226 1492 276 1558 64.
296 1485 417 1573 Arietis]
437 1491 480 1552 lta
497 1491 616 1571 Codex,
636 1513 698 1553 nou
719 1481 833 1572 αὐτὴν,
854 1489 934 1552 utin
949 1489 1081 1552 editione
1097 1489 1240 1570 Cornelii,

138 1578 194 1659 qui
205 1586 306 1638 tamen
320 1577 365 1637 sic
378 1577 594 1638 emendandum
608 1599 670 1638 esse
684 1585 849 1636 notaverat.

224 1665 275 1728 67.
296 1664 403 1738 Δεῖξον
417 1661 531 1744 Πέτρος
542 1661 597 1742 τίς]
620 1663 719 1740 Pergit
740 1657 927 1742 Nicephorus
941 1659 1035 1720 Deum
1056 1661 1180 1741 precari,
1203 1669 1239 1724 ut

137 1747 273 1827 potentia
292 1768 346 1806 sue
366 1746 512 1824 ostendat,
535 1747 601 1826 quis
614 1747 654 1807 sit
668 1748 774 1807 Petrus
790 1745 959 1826 Apostolus,
977 1743 1162 1805 Christianae
1176 1745 1238 1804 Ec-

140 1831 247 1892 clesiae
258 1831 336 1891 basis
350 1841 380 1891 et
390 1833 627 1910 fundamentum,
641 1831 746 1910 etquis
759 1830 869 1910 impius
878 1829 1034 1906 hloameth,
1047 1831 1238 1890 saracenicae

139 1915 505 2062 &iiiiii-'ididia
526 1915 1236 2063 ttttlttllttlttttlt{tttlttttttt

312 2045 321 2078 l
507 2047 517 2078 2
1228 2047 1239 2078 2

16 2137 20 2153 ‚
138 2085 298 2163 utriusque
311 2085 409 2165 Legis,
429 2085 537 2148 veteris
552 2086 694 2147 nimirum
715 2106 751 2144 ac
763 2085 878 2160 novae,
892 2093 1048 2164 praecepta
1065 2085 1239 2145 immiscue-

137 2169 198 2248 rit,
219 2171 341 2230 asseclas
367 2191 436 2230 suos
457 2172 612 2251 utriusque
635 2166 719 2250 Legis
739 2179 970 2248 transgressores
986 2167 1094 2229 offecit.
1138 2169 1239 2248 ltaque

137 2254 313 2335 permissam
332 2255 475 2316 Hebraeis
504 2256 704 2337 polygamiam
726 2249 909 2324 concedens,
943 2253 1128 2312 Christianos
1147 2253 1185 2312 ad
1208 2275 1240 2317 ss

138 2339 311 2400 deficientes
327 2342 400 2400 feeit
416 2340 626 2418 fornicatores,
649 2349 679 2400 et
696 2339 806 2400 docens
828 2359 899 2398 cum
915 2335 1089 2397 Christianis
1111 2340 1239 2398 vetitum

137 2445 202 2485 non
229 2445 290 2486 esse
311 2425 448 2486 omnibus
465 2425 604 2486 carnibus
617 2423 712 2503 vesci,
734 2421 884 2484 Hebraeos
896 2442 1037 2502 sequaces
1051 2443 1119 2484 suos
1134 2423 1239 2484 docuit

136 2519 335 2592 praeceptum
347 2511 514 2590 transgredi
530 2509 572 2570 eis
595 2509 709 2588 datum,
728 2530 767 2568 ne
779 2504 958 2568 camelorum
976 2528 1065 2568 carne
1079 2527 1238 2568 vesceren-

137 2605 208 2672 tur,
235 2595 326 2658 Levit.
347 2616 413 2676 cap.
432 2616 477 2654 xr.
490 2616 520 2655 v.
535 2595 565 2662 4.
581 2595 700 2658 Denter.
719 2615 784 2674 cap.
805 2614 869 2656 xlv.
885 2613 916 2660 v.
930 2597 962 2660 7.
998 2591 1115 2652 Videsis
1138 2591 1238 2654 erudi.
1330 2661 1335 2681 .

138 2689 208 2740 tum
236 2690 386 2740 auctorem
406 2679 515 2760 Siphra
534 2681 568 2740 in
591 2681 755 2740 Leviticum
779 2678 1069 2760 cap.·111.et1r.in
1096 2677 1238 2740 Thesanr.

140 2763 262 2842 Ugolini
284 2765 369 2826 Tem.
385 2765 465 2828 xlv.
478 2787 509 2846 p.
529 2771 621 2832 1000.
646 2766 754 2826 renat
777 2760 926 2824 cedrenus
944 2761 1059 2824 Hister.
1076 2763 1238 2844 Compend.

8 2893 15 2909 .
138 2869 208 2932 pag.
228 2847 307 2924 421,
330 2848 492 2924 Hebraeos,
515 2849 567 2930 qui
585 2849 745 2912 hlosaicam
768 2849 874 2926 Legem
899 2847 1066 2908 deserentes
1079 2847 1241 2908 Moametlri

139 2933 352 3010 adhaeserant,
374 2935 432 2993 rati
454 2954 521 2994 eum
545 2954 606 2996 esse
627 2934 780 3011 Messiam,
801 2942 958 3014 postquam
979 2928 1116 2992 carnibus
1135 2931 1241 2992 cameli

136 3021 221 3082 vesci
233 3018 355 3078 solitum
369 3029 600 3098 conspexerunt,
623 3039 690 3080 eum
702 3039 763 3079 non
776 3038 838 3077 essa
850 3016 883 3076 id
899 3015 978 3096 quod
992 3015 1108 3096 opinati
1121 3017 1241 3078 fueraut

137 3103 276 3165 sensisse.
318 3103 464 3164 Fortassis
478 3103 663 3164 Theodosius
680 3103 720 3164 ed
735 3101 814 3162 hanc
828 3101 924 3182 ipsam
941 3099 1048 3162 alludit
1060 3119 1134 3164 rem.

224 3194 276 3255 79.
303 3183 416 3269 Ῥώμης
436 3187 593 3270 ὑπῆρχον]
621 3190 708 3250 Creta
737 3189 871 3248 Romano
896 3185 1024 3266 Imperio
1057 3185 1158 3268 paruit
1185 3205 1240 3246 us-
1308 3231 1312 3240 .

140 3292 201 3352 que
218 3273 256 3332 ad
275 3273 451 3334 Micbatlem
473 3274 613 3346 Balbum,
634 3296 693 3355 quo
707 3274 874 3354 imperante
887 3293 904 3330 a
916 3269 1070 3332 Saracenis
1087 3280 1174 3352 capta
1186 3280 1241 3348 est2

142 3356 328 3418 occasionem
344 3359 418 3440 ipsis
432 3359 617 3440 potissimum
628 3359 789 3440 praebente
800 3356 914 3418 Thema
928 3355 1066 3436 quodam,
1080 3357 1159 3436 quia
1173 3377 1241 3416 sau·
1279 3401 1281 3404 -

143 3450 191 3498 cta
206 3440 443 3504 Christianorum
455 3444 515 3506 fide
528 3444 703 3522 desciscens,
724 3441 952 3504 Moametbicam
963 3449 1073 3502 sectam
1083 3441 1240 3524 amplexus

142 3535 216 3584 erat.
255 3527 370 3588 Videsis
384 3529 550 3590 Cedrenusn
561 3529 656 3592 fusius
673 3530 711 3590 de
724 3527 785 3590 hoc
798 3537 933 3608 agentem
947 3525 1061 3590 Hister.
1077 3526 1240 3608 compend.

202 3611 295 3678 .499·
317 3622 390 3672 etse
434 3659 441 3676 .

141 3630 200 3692 1³³8
228 3700 278 3763 80.
301 3635 503 3780 Hapsddaieuc
523 3690 630 3780 ὄκνος]
652 3698 698 3758 Ob
713 3697 857 3759 desidiam
872 3707 953 3760 certe
967 3697 1152 3760 Graecorum
1165 3705 1241 3756 tam.

142 3778 198 3840 diu
216 3782 302 3842 Creta
324 3783 465 3862 subiuga
482 3787 697 3844 Saracenorum
710 3783 865 3862 ingemuit.
907 3781 1016 3844 Classis
1031 3783 1109 3844 enim
1126 3779 1163 3840 ab
1174 3783 1241 3863 ipso
1327 3855 1328 3858 Ἴ

141 3853 288 3926 ΜίοἰιαὲΙο
306 3867 398 3928 Balbo
424 3888 458 3928 eo
472 3869 561 3930 misse
579 3869 663 3930 Duce
685 3869 807 3930 Cratero
826 3868 1075 3950 Cebyraeotarnm
1090 3867 1242 3947 praelecto

141 3949 218 4012 adeo
231 3951 360 4012 feliciter
370 3953 513 4012 barbaros
529 3953 619 4030 ludit,
636 3962 671 4014 ut
686 3955 804 4014 Cretam
818 3953 906 4016 facile
918 3963 1163 4036 recuperassent,
1184 3951 1244 4014 nisi

141 4034 271 4098 victoria
288 4037 362 4098 elati.
379 4037 504 4114 milites,
532 4037 712 4100 adventante
723 4049 829 4118 nocte,
852 4038 1124 4122 eomputationibus
1141 4058 1177 4096 ac
1196 4037 1245 4096 lu·

142 4121 240 4182 xun‘is
262 4142 325 4182 sese
342 4122 575 4200 immersissent,
594 4144 708 4204 exque
726 4125 915 4202 factumest,
935 4135 973 4185 ut
986 4145 1092 4186 somno
1114 4124 1247 4201 vinoque

84 4217 88 4226 '
144 4225 314 4287 oppressos,
321 4207 441 4270 barbari
452 4209 552 4269 subito
566 4209 666 4270 adorti
680 4209 810 4290 sossint,
819 4219 848 4270 et
858 4230 952 4288 nsque
962 4210 1000 4270 ad
1013 4209 1247 4270 internecionem

146 4292 277 4374 turpiter
294 4293 530 4376 profligaverint.
561 4294 691 4357 Consule
707 4293 961 4358 Cedrenumllist.
974 4296 1078 4378 Comp.
1093 4313 1159 4376 pag.
1174 4293 1246 4360 att.
