3038 4796
448 359 509 432 AD
528 357 817 431 NICEPHORUM
837 359 1030 433 PHOCAM,
1205 352 1281 430 665

191 473 265 580 vilia
285 517 449 600 mancipia,
475 517 640 599 piscatores
662 519 794 596 scilicet,
822 518 1025 599 cupediarios,
1052 539 1197 604 ancupes,
1218 541 1282 584 no-

190 619 277 698 tbos,
304 620 452 702 plebeios,
479 643 581 684 servos
603 621 808 682 tantummodo
835 621 988 682 dimisisse.
1035 622 1202 702 Numquam
1227 625 1311 688 illan

58 781 62 796 ,
190 721 252 782 boo
264 721 321 780 nisi
337 723 382 782 tui
395 725 581 804 suggestione
594 725 737 786 scriberet
755 723 860 803 Regis:
882 723 1066 804 quodquam
1083 725 1283 804 periculosum

191 823 334 884 ambobus
355 826 464 904 suerit,
484 826 544 888 uisi
557 826 755 907 resipuerint,
776 825 914 906 proxima
932 834 1066 905 tempora
1083 826 1283 892 declarabunt.

191 923 251 983 Sed
267 926 357 1006 Papa,
379 927 510 1007 inquam,
532 928 722 1010 simplicitate
738 927 847 1004 clarus,
868 927 908 986 ad
919 927 1036 986 laudem
1049 925 1107 986 hoc
1120 926 1285 1008 Insperato·

190 1024 249 1101 sis,
271 1047 333 1087 non
349 1028 388 1088 ed
402 1031 611 1092 contumeliam
623 1029 750 1090 scribere
763 1028 892 1108 putavit.
936 1028 1161 1088 Constantinum
1176 1029 1284 1088 Roma-

190 1148 264 1188 num
278 1128 488 1210 Imperatorem
510 1153 578 1194 cum
592 1134 723 1192 Romana
741 1129 849 1189 militia
863 1127 925 1188 buc
936 1129 1052 1190 venisse
1057 1175 1066 1208 ,
1087 1151 1123 1190 ac
1137 1130 1285 1190 civitatem

190 1230 278 1290 istam
294 1251 349 1291 suo
368 1252 405 1292 ex
421 1233 541 1294 nomine
558 1233 727 1294 condidisse
742 1241 822 1294 certo
838 1231 964 1304 ocimum
985 1232 1037 1292 sed
1055 1231 1124 1312 quia
1144 1232 1283 1312 linguam,

190 1353 307 1411 mores,
328 1343 483 1414 vestesque
506 1335 659 1415 mutastis,
679 1335 799 1416 putavit
817 1333 1025 1394 Sanctissimae
1042 1335 1122 1414 Papa
1138 1333 1181 1393 ita
1197 1334 1283 1395 vobis

191 1433 349 1515 displicere
365 1437 565 1497 Romanorum
578 1457 705 1516 nomen,
726 1436 806 1497 sicut
821 1444 851 1495 et
868 1445 995 1511 vestem5
1023 1435 1105 1514 quod
1124 1436 1157 1498 in
1176 1437 1284 1498 futuris

189 1537 253 1598 vita
267 1538 374 1596 comite
397 1539 573 1600 ostendetur
587 1539 735 1620 epistolis3
758 1557 884 1618 quarum
897 1537 1110 1617 superscriptio
1124 1537 1198 1599 baec
1212 1539 1283 1600 erit:

190 1639 317 1702 loannes
332 1641 410 1720 Papa
427 1642 577 1700 Ronlanus
591 1640 776 1722 Nicephoro,
800 1639 1009 1714 Constantino,
1031 1639 1149 1718 basilio,
1171 1642 1284 1721 magnis

189 1743 392 1804 Romanorum
411 1742 642 1822 imperatoribus
665 1753 754 1822 atque
767 1741 922 1819 Augustis,
946 1739 1027 1820 quod
1049 1742 1117 1821 quie
1139 1763 1207 1802 nom
1232 1743 1313 1804 ‹ti-n

188 1845 304 1922 zerim,
331 1865 455 1924 quaeso,
484 1841 639 1908 advertite.
687 1843 875 1924 Nicephorus
894 1843 1026 1923 periurio
1047 1853 1136 1923 atque
1160 1843 1281 1904 adulte-

187 1947 235 2007 rio
248 1947 341 2025 Regni
357 1947 471 2027 apicem
487 1955 531 2006 est
544 1947 686 2027 adeptus;
703 1953 733 2004 et
746 1943 885 2024 quoniam
900 1943 1133 2005 Christianorum
1148 1947 1281 2006 omnium

188 2049 268 2110 salua
284 2049 322 2108 ad
336 2049 462 2108 Romani
476 2051 573 2130 Papae
586 2047 716 2130 pertinet
732 2045 974 2122 sollicitudinem,
995 2047 1095 2106 mittat
1108 2046 1279 2129 Nicephoro

188 2151 333 2228 Dominus
358 2153 437 2232 Papa
457 2153 612 2232 epistolam
635 2149 780 2232 sepulcris
803 2148 923 2208 omnino
944 2148 1086 2227 similem,
1109 2169 1182 2230 quae
1205 2149 1279 2210 foris

188 2263 261 2314 sunt
276 2253 427 2332 dealbata,
447 2255 529 2316 intus
544 2255 633 2336 plena
652 2261 725 2313 sunt
739 2251 854 2312 ossibus
878 2261 1078 2312 mortuorum:
1100 2253 1284 2334 improperet

186 2355 235 2416 illi
257 2356 453 2433 intrinsecus,
486 2357 614 2437 qualiter
633 2355 765 2438 periurio
796 2366 826 2417 et
849 2357 996 2418 adulterio
1022 2353 1170 2433 acceperit
1190 2371 1283 2436 super

186 2458 330 2519 Dominos
342 2479 412 2520 suos
423 2457 640 2536 monarchiam,
664 2458 772 2518 invitet
786 2479 852 2520 eum
868 2461 906 2521 ad
922 2459 1094 2540 synodum,
1114 2464 1158 2534 et,
1179 2455 1205 2516 si
1220 2473 1282 2514 non

186 2562 319 2638 venerit,
342 2561 527 2622 anathemate
539 2561 634 2622 feriat.
679 2560 712 2619 Si
727 2563 943 2644 superscriptio
956 2558 1127 2622 huiuamodi
1138 2577 1201 2618 non
1217 2557 1282 2616 sue·

188 2663 248 2739 rit,
270 2682 325 2723 nec
347 2663 500 2742 adipsum
518 2682 614 2743 usque
633 2663 753 2725 leretm.
795 2665 883 2724 Nunc
905 2665 943 2725 ad
967 2662 1154 2746 propositum
1175 2659 1282 2722 redea-

188 2783 264 2823 mus.
306 2763 545 2846 Superscriptasn
560 2782 598 2822 ex
612 2765 864 2846 superscriptione
877 2766 1135 2846 promissionem
1153 2781 1201 2824 me
1216 2782 1280 2821 me·
1297 2781 1331 2836 p,
1344 2777 1396 2836 437

188 2863 297 2924 morati
308 2864 458 2956 Principes
473 2887 541 2926 eum
554 2866 721 2943 audissent,
742 2866 789 2925 nil
803 2867 898 2928 inesse
916 2867 980 2929 doli
994 2875 1151 2949 putantes,
1174 2865 1279 2923 Grates
1297 2849 1353 2904 0οῑ
1373 2853 1388 2905 ¹

186 2965 242 3026 tibi
255 2964 466 3046 persolvimus,
489 2969 583 3046 aiunt,
605 2967 799 3048 oEpiscope:
821 2968 906 3028 decet
920 2970 997 3028 enim
1013 2967 1187 3049 sapientiam
1197 2975 1279 3026 tuam

185 3059 277 3128 tantis
292 3067 493 3131 mediatricem
507 3069 691 3131 intercedere
704 3070 809 3146 rebus,
830 3070 910 3130 solus
928 3091 958 3132 es
977 3091 1015 3130 ex
1030 3067 1168 3146 Francis,
1191 3087 1280 3148 quem

185 3193 268 3234 nuuc
291 3174 464 3253 diligamus5
486 3171 540 3230 sed
565 3191 633 3231 cum
656 3172 832 3252 depravato,
854 3180 885 3231 te
903 3170 1061 3248 hortante,
1084 3169 1280 3243 correxerint,

186 3287 217 3337 et
229 3277 288 3358 ipsi
311 3275 491 3354 diligentum
512 3281 606 3352 tuque
620 3274 727 3335 iterum
744 3275 782 3334 od
795 3296 850 3335 nos
869 3293 937 3334 cum
956 3273 1087 3351 veneris,
1109 3293 1171 3332 non
1187 3271 1279 3330 indo·

185 3388 273 3439 natus
287 3377 390 3438 abibis.
435 3376 551 3436 Corona
573 3395 662 3437 aurea
682 3385 863 3458 sceptroque
885 3397 954 3436 cuns
979 3374 1039 3436 buc
1053 3375 1132 3435 ultra
1150 3373 1277 3449 rediero,

185 3499 232 3540 me
245 3477 433 3559 Nicephorus
455 3475 594 3554 donabit,
616 3478 726 3538 tacitus
749 3479 823 3544 dixi.
867 3476 1012 3552 sedhic,
1033 3475 1190 3557 inquiunts
1211 3475 1279 3539 vult

184 3581 328 3642 Dominus
339 3589 410 3642 tuus
418 3578 624 3640 Sanctissimus
637 3600 706 3640 cum
714 3581 894 3662 Imperatore
909 3581 1028 3640 firmare
1042 3579 1203 3639 amicitiam
1215 3579 1280 3640 soe-

186 3667 255 3744 dere
277 3680 471 3762 nuptiarum?
501 3682 575 3742 Cum
595 3681 656 3742 buc
672 3665 821 3761 venirem,
843 3684 958 3761 voluit,
979 3683 1117 3763 inquam3
1139 3679 1190 3740 sed
1211 3679 1280 3758 quia

184 3801 231 3841 me
247 3781 300 3842 diu
320 3782 372 3842 bie
390 3792 525 3844 morante
546 3784 648 3844 literas
662 3805 725 3845 non
736 3784 851 3866 recepit
863 3780 1003 3866 σφάλμα,
1024 3784 1116 3845 idest
1134 3781 1242 3842 uitium
1261 3793 1308 3847 aB

168 3883 285 3974 tobis,
306 3905 410 3964 meque
425 3895 546 3966 captum
566 3895 656 3968 putat
676 3895 706 3948 et
726 3888 875 3964 vinctum,
898 3895 1071 3966 aestuatque
1082 3884 1200 3946 animus
1216 3904 1279 3944 esus

182 3993 281 4063 totus,
303 3995 339 4046 ut
357 3987 510 4066 Leaenae,
525 3989 631 4048 catulis
649 3989 760 4070 raptis,
783 3989 880 4050 donee
901 3989 1068 4050 vindicum
1088 3987 1167 4046 iusta
1187 3985 1280 4046 saciat

182 4087 354 4166 acerbitate,
376 4097 407 4149 et
420 4089 542 4169 nuptias
556 4089 730 4168 abhorreat,
752 4100 841 4170 atque
855 4091 932 4152 iram
949 4091 982 4150 in
996 4111 1052 4152 vos
1073 4095 1202 4150 evomat.
1244 4087 1279 4148 si

182 4188 308 4269 ceperit,
329 4190 481 4276 inquiunt,
503 4213 565 4252 non
579 4193 705 4254 dicimus
720 4193 849 4278 ltaliam,
869 4196 922 4255 sed
936 4214 992 4254 nec
1006 4194 1072 4276 ipsa
1086 4191 1182 4274 capiet
1197 4209 1275 4266 eum,

180 4288 213 4348 in
235 4311 295 4371 qua
319 4303 404 4354 ortua
426 4303 485 4374 est,
506 4315 640 4380 pauper,
663 4305 692 4356 et
707 4308 856 4380 gunnata,
878 4296 968 4357 idest
985 4297 1112 4382 pellicea
1138 4295 1275 4369 saxonia,
