3038 4796
398 433 404 440 .
440 364 502 434 AD
521 361 808 437 NICEPHORUM
828 361 1022 434 PHOCAM.
1199 353 1285 442 345,

186 546 241 609 per
260 534 412 610 potsntes,
432 533 555 606 quanto·
572 521 645 584 lu'ue
670 521 868 606 potentiores,
894 539 1010 602 semper
1030 519 1134 600 mites,
1162 519 1274 604 quanto

93 653 97 658 ·
186 628 260 688 lsinc
280 627 434 690 mitiores'l
465 647 582 708 semper
605 625 771 689 virtutibus
796 625 896 707 pleni,
925 632 1040 708 quanto
1061 622 1134 684 hinc
1158 627 1285 707 plenia·¹

187 729 255 792 ses'l
284 730 427 792 sedebant
451 729 490 789 ad
521 729 686 807 sinistram,
706 748 770 790 nou
798 726 832 788 in
861 728 963 808 eadem
985 725 1082 804 mas,
1109 727 1175 794 sed⁴
1189 728 1278 808 louge

188 832 327 894 deorsum
348 832 410 893 duo
427 831 547 914 parvuli
563 831 777 912 imperatores,
799 829 862 890 eiua
875 829 1026 909 quondam
1042 827 1174 908 donsiui,
1195 850 1277 890 nunc

188 933 326 1009 subiecti,
342 933 427 994 casian
442 932 623 994 narrationis
636 931 757 992 initium
775 930 836 992 hoc
855 932 928 992 suit:
950 931 1166 1005 Debueromus,
1186 932 1287 996 immo,

187 1035 377 1096 volueramus
400 1045 431 1096 te
448 1035 587 1116 benigne,
609 1031 822 1112 magnificeque
841 1035 1008 1116 suscipere,
1027 1033 1081 1094 sed
1105 1034 1218 1094 domini
1232 1035 1288 1100 tui·

188 1137 323 1218 impietas
343 1157 407 1198 non
426 1137 591 1218 permittit,
613 1134 668 1216 qui
685 1144 748 1194 tam
768 1133 890 1196 inimica
909 1135 1063 1198 invasione
1076 1136 1201 1198 Romam
1221 1136 1278 1196 sibi

187 1237 371 1316 vindicavit,
399 1239 592 1320 Ber-angaria,
614 1246 645 1298 et
671 1235 831 1301 adelberto
854 1245 961 1298 eontra
987 1235 1035 1296 ius
1054 1237 1159 1319 fasque
1183 1237 1306 1300 vitamc

188 1341 329 1417 abstulit,
356 1343 559 1403 Romanorum
586 1339 660 1402 alios
684 1338 802 1420 gladio,
832 1339 907 1400 alios
931 1339 1093 1421 suspendio
1117 1340 1279 1418 interemit,

187 1443 283 1504 oculis
303 1443 377 1504 alios
391 1444 539 1526 privavit,
561 1443 654 1505 exilio
674 1442 747 1502 ulios
761 1441 920 1521 relegavit,
941 1451 972 1502 et
983 1441 1105 1524 lmperii
1117 1441 1216 1504 nostri
1229 1441 1281 1502 in·

187 1565 278 1627 super
300 1545 436 1608 civitates
456 1545 638 1624 homicidio,
667 1553 720 1606 aut
741 1544 881 1604 incendio
907 1543 966 1605 sibi
988 1544 1117 1606 subdere
1136 1545 1280 1608 tentavit:

83 1633 89 1644 ⁹
186 1657 219 1709 et
240 1647 311 1728 quia
332 1647 454 1715 affectus
476 1647 543 1710 eius
560 1667 674 1729 pravus
692 1645 832 1708 effectum
850 1645 958 1708 babere
978 1667 1041 1708 non
1061 1647 1179 1727 potuit,
1198 1667 1280 1708 nnnc

185 1759 218 1810 te
236 1751 367 1812 malitiae
379 1749 467 1812 huius
485 1759 686 1830 suggestorem
705 1759 796 1830 atque
814 1748 1023 1830 impulsorem,
1045 1749 1183 1810 simulata
1195 1768 1278 1830 pace,

187 1852 274 1932 qussi
292 1849 426 1918 ἄσκοπον
440 1849 467 1934 ⁹)
477 1897 487 1930 ,
507 1852 541 1912 id
561 1862 606 1914 est
627 1853 847 1933 exploratorem
867 1851 905 1912 ad
921 1871 977 1912 nos
993 1851 1113 1918 direxit.
1156 1833 1212 1912 Cui
1228 1852 1279 1911 iu-

187 1973 275 2033 quam
292 1973 362 2034 08⁰²
381 1956 546 2016 Romanam
564 1955 715 2016 civitatem
735 1953 880 2014 Dominus
898 1973 981 2016 meus
999 1973 1063 2014 non
1086 1953 1136 2033 vi,
1157 1964 1211 2014 aut
1227 1963 1280 2034 ty·

185 2055 308 2116 sannice
325 2055 453 2134 invasit,
474 2058 527 2118 sed
542 2079 558 2116 s
573 2056 713 2138 tyranni,
733 2056 825 2116 immo
839 2065 1035 2137 tyrumorum
1049 2055 1117 2135 iugo
1130 2055 1279 2118 liberavit.

186 2157 293 2220 Nonus
320 2157 500 2218 effoeminati
527 2158 754 2220 dominabantur
784 2155 870 2218 cius?
899 2167 930 2220 et
953 2157 1035 2238 quod
1057 2157 1190 2238 gravina,
1216 2157 1279 2219 sive

46 2325 56 2342 ι
186 2260 324 2342 turpius,
346 2281 447 2322 nonne
464 2261 654 2328 meretricest
682 2261 868 2338 Dormisbst,
889 2268 923 2320 ut
941 2269 1038 2341 puto,
1054 2269 1129 2320 tuuc
1146 2269 1307 2343 potestasu

186 2372 257 2440 tua,
276 2363 369 2423 immo
388 2351 579 2426 ¹decessorum
596 2365 733 2444 tuorurls,
755 2363 808 2445 qui
819 2361 941 2424 nomine
952 2362 1035 2440 solo,
1056 2383 1120 2423 uon
1133 2372 1231 2424 autern
1244 2383 1278 2424 re

185 2463 252 2546 ipsa
270 2464 466 2546 Imperatores
485 2469 686 2530 Romanorum
703 2473 867 2529 vocantur.
908 2465 942 2525 Si
955 2473 1107 2546 potentes,
1129 2465 1156 2525 si
1173 2466 1281 2547 Impe-

88 2583 94 2591 “
184 2579 300 2630 ratores
316 2569 518 2630 Romanorum
536 2579 636 2647 mant,
658 2588 714 2630 our
733 2568 857 2628 Romam
877 2566 912 2627 iu
931 2565 1120 2628 meretricum
1136 2577 1281 2649 potestate

187 2671 347 2732 sinebant'l
367 2671 473 2734 Nonne
486 2671 746 2732 Sanctissimorum
758 2671 907 2753 Pspsuum
921 2669 972 2730 alii
987 2679 1059 2732 sunt
1068 2670 1207 2750 relegati,
1229 2670 1282 2730 alii

189 2795 208 2831 a
228 2782 259 2833 ts
280 2775 404 2853 afflicti,
425 2784 575 2856 utusque
594 2773 786 2854 quotidianos
809 2781 961 2855 sumptus,
983 2793 1041 2834 nec
1064 2773 1281 2854 eleemosynam

187 2875 297 2936 habers
308 2875 452 2958 quirent?
472 2893 573 2936 nonus
585 2874 762 2936 adelbertus
774 2875 1006 2936 contumeliosas
1018 2875 1121 2936 literas
1133 2876 1279 2952 Romano,

187 2985 219 3037 et
238 2977 431 3038 Constantino
463 2978 666 3040 decessoribus
690 2977 751 3040 tuis
772 2977 1019 3058 imperatoribus,
1048 2976 1144 3036 misit:
1178 2995 1281 3036 nonus
1298 2971 1329 3026 P·
1345 2969 1402 3028 48⁰

187 3079 448 3142 Sanctissimorusn
467 3080 679 3162 Apostolorum
697 3079 846 3141 Ecclesiae
866 3078 981 3162 rapinis
1007 3076 1187 3158 expoliavit:
1213 3076 1280 3157 quis
1298 3041 1356 3095 ω’
1376 3046 1400 3100 l'

187 3201 227 3252 ex
247 3179 334 3242 vobis
352 3181 586 3264 Imperatoribus
609 3183 674 3242 selo
692 3181 747 3241 Dei
771 3181 881 3244 ductus
903 3191 964 3242 tam
983 3180 1141 3259 iudignum
1164 3179 1281 3240 facinus

186 3283 341 3344 vindicare
347 3327 357 3362 ,
378 3292 409 3344 et
423 3285 561 3344 Sanctam
577 3284 741 3345 Ecclesiam
759 3283 793 3344 iu
808 3293 922 3346 statum
941 3281 1100 3366 proprium
1118 3282 1281 3343 relormre

188 3385 329 3448 curavit?
349 3364 521 3466 neglexistis
535 3407 608 3464 vos,
629 3407 692 3448 uon
708 3386 841 3468 neglexit
858 3387 1004 3448 Dominus
1017 3405 1099 3446 meus
1108 3429 1118 3463 ,
1140 3383 1193 3464 qui
1207 3403 1225 3442 a
1238 3382 1280 3442 fi.
1297 3457 1300 3469 ¹

188 3489 277 3550 nibus
301 3497 398 3550 terrae
420 3509 566 3568 surgons,
591 3489 774 3570 Romamque
798 3490 923 3550 veniens
942 3489 1051 3571 impios
1079 3487 1219 3565 abstulit,
1249 3497 1281 3548 et

187 3593 368 3652 Sanctorum
385 3589 600 3672 Apostolorum
616 3591 746 3653 Vicsriis
757 3599 935 3672 potestatem
956 3601 987 3653 et
1001 3591 1147 3654 honorem
1162 3609 1281 3650 omnem

188 3691 378 3754 contradidit.
420 3693 613 3754 Postmodum
626 3715 696 3756 vero
709 3693 897 3774 insurgentes
913 3704 1018 3757 contra
1029 3715 1071 3770 ss,
1084 3703 1114 3756 et
1120 3693 1281 3754 Dominum

187 3795 412 3878 Apostolicum,
437 3795 521 3880 quasi
537 3795 733 3858 iurisiurandi
753 3797 914 3859 violatores
935 3795 1111 3877 sacrilegos,
1132 3794 1280 3856 Domino-

187 3920 255 3961 rum
280 3918 403 3962 suorum
423 3893 667 3979 Apostolicorum
689 3907 838 3977 tortores,
862 3907 1015 3980 raptores,
1036 3897 1202 3960 secundnm
1225 3895 1281 3956 de-

188 4011 269 4064 creta
287 3997 502 4083 imperatorum
516 4000 719 4063 Romanorum
731 3999 904 4080 lastiniani,
918 3999 1131 4079 Valentiniani,
1141 3997 1310 4062 'simodo-B

188 4097 240 4178 sii,
263 4111 294 4164 st
313 4109 499 4164 caeterorum
520 4105 645 4182 cecidit,
668 4104 828 4184 iugulavit,
851 4104 1024 4184 suspendit,
1046 4100 1187 4166 sterilio
1204 4101 1284 4162 rele-

186 4201 283 4284 gavit:
305 4223 382 4283 quac
395 4204 421 4264 ai
434 4225 497 4266 non
510 4207 637 4286 laceret,
659 4208 785 4290 impius,
807 4207 953 4286 iniustus,
975 4205 1114 4286 erudelis,
1135 4215 1283 4288 tyrannm

218 4353 250 4422 9)
272 4353 347 4409 Fert.
363 4353 546 4414 medorum.
576 4356 651 4413 Cos.
