2984 4798
417 371 463 442 IN
492 370 735 439 THEODOSII
761 367 992 440 ACROASES.
1181 359 1258 440 653

249 532 318 600 115.
340 523 520 613 Μεμηνὸτα]
542 531 660 590 Mallem
685 524 863 609 μεμηνότες,
891 529 974 609 quod
996 529 1133 590 carminis
1154 531 1257 614 expli..

163 618 274 678 ostiam
288 618 379 698 magis
401 617 563 678 cohaereat.
606 614 696 694 [Bene
708 613 798 672 habet
813 610 973 693 μεμηνότα.
989 614 1066 675 diem
1078 615 1125 676 illi
1140 617 1258 679 abomi-

162 704 328 782 nabantur,
350 712 501 780 tamquam
519 700 634 760 hostem
649 700 681 758 in
695 699 778 779 ipsos
791 699 951 763 furentem.
965 700 998 762 F.
1013 698 1052 778 1.]

249 814 319 875 117.
341 806 549 888 Λελειμμένοι]
572 805 632 879 Qui
654 825 762 885 nempe
785 797 959 885 superstites
980 815 1136 867 evaserant
1148 808 1184 867 ab
1204 831 1257 870 ao-

164 903 250 975 oepta
274 894 368 954 clade.
415 893 493 952 Audi
517 894 645 951 Leonem
665 891 845 950 Diaconum:
878 890 1009 952 Tandem
1029 893 1136 951 multis
1156 915 1258 954 eorum

163 981 263 1038 cessis
285 981 454 1058 insurgam
478 989 636 1036 vertamur
651 997 707 1055 per
724 979 992 1054 angustaviarum
1008 977 1149 1037 cedentes.
1191 981 1261 1038 Ro-

162 1067 250 1123 mani
268 1083 337 1122 suero
362 1085 411 1122 eos
439 1065 595 1142 insequuti
617 1058 682 1118 dtu
701 1058 916 1148 trucidabant,
947 1065 1088 1141 quivero
1114 1063 1262 1125 haerenae

163 1151 337 1226 superstites
352 1160 447 1224 erant,
463 1169 502 1205 ac
515 1156 659 1228 quotquot
674 1144 769 1204 ardor
781 1145 853 1204 belli
865 1167 925 1204 non
940 1145 1148 1227 demessuerat,
1158 1153 1260 1228 proie-

162 1236 223 1291 ctis
247 1235 342 1291 mosis
364 1237 549 1313 impraeceps
561 1231 762 1290 vertebantur.
804 1230 871 1290 Vid.
885 1232 1006 1309 Pagium
1018 1233 1090 1292 ibid.
1104 1253 1171 1314 pag.
1186 1233 1260 1300 875.

163 1318 317 1377 Cornelius
338 1339 355 1376 a
372 1317 490 1378 Codicis
510 1317 639 1378 lectione
653 1316 795 1376 recedens
808 1315 902 1376 edidit
919 1317 1093 1400 λελεγμένοι.

247 1429 318 1492 126.
333 1421 493 1505 Ἔπατνον]
515 1422 599 1482 Nihil
609 1421 661 1484 hio
672 1421 797 1483 verbum
810 1421 936 1494 dromos
945 1469 956 1502 ,
976 1443 1033 1484 neo
1048 1424 1163 1504 dubito,
1183 1424 1258 1506 quin

162 1509 204 1570 sit
224 1508 380 1588 legendum
400 1509 553 1592 ἔπραττον.

247 1621 316 1684 127.
343 1614 584 1696 Τίς].(ἶοῐηε11νε
602 1611 759 1693 legendum
773 1633 835 1674 esse
849 1614 1154 1692 εοῃίεεῐενίῑεὶςεὶς,
1175 1636 1254 1695 quo·
1275 1613 1309 1667 P·
1322 1611 1374 1669 387
1439 1661 1447 1678 ,
1478 1661 1487 1675 ,

160 1701 257 1779 niam,
277 1701 391 1780 inquit,
414 1712 441 1760 st
457 1721 592 1776 carnaco,
616 1711 644 1760 et
656 1721 762 1759 sensus
773 1701 883 1758 melius
897 1721 927 1757 ae
943 1701 1104 1762 laedebant.
1147 1705 1257 1762 Sensus
1274 1682 1360 1737 ⁰⁰¹4

161 1797 261 1861 certe,
282 1787 383 1852 addita
409 1786 558 1867 particula
574 1783 632 1861 aie,
653 1785 746 1865 magis
759 1786 935 1865 perspicuus
952 1787 1046 1860 soret,
1067 1786 1119 1846 sed
1135 1805 1257 1847 carmen

159 1872 246 1932 nulio
267 1871 357 1931 modo
379 1871 485 1931 melius
499 1891 531 1930 se
549 1869 684 1946 haberet,
705 1889 796 1950 quum
814 1869 891 1928 nihil
903 1870 936 1928 in
950 1890 985 1929 eo
1003 1870 1078 1930 desit
1095 1871 1131 1929 ad
1147 1871 1256 1930 senarii

161 1956 422 2036 complementum.
450 1956 551 2030 Quare
562 1954 640 2015 nihil
652 1975 714 2014 esse
726 1954 895 2014 addendum
909 1955 1046 2034 arbitror,
1059 1955 1256 2036 praedictam-

160 2059 218 2122 que
238 2042 417 2120 particulam
429 2040 529 2122 potius
548 2059 609 2100 esse
622 2039 906 2118 subintelligendam.

245 2145 323 2206 thid.
342 2139 516 2226 Ἰδομενεύς]
538 2145 712 2207 Idomeneus
731 2165 787 2206 rex
811 2144 976 2222 Cretensis,
997 2145 1049 2224 qui
1071 2143 1201 2205 maxime
1221 2143 1255 2206 in

160 2229 290 2292 Troiano
303 2231 382 2292 bello
400 2230 553 2294 inclaruit.
593 2231 652 2290 Hic
665 2251 732 2290 cum
747 2239 819 2311 post
832 2249 963 2290 eversam
976 2231 1096 2292 Troiam
1112 2251 1180 2290 cum
1193 2231 1255 2289 suis

159 2325 374 2395 reverteretur,
396 2326 426 2375 et
448 2317 514 2376 dira
540 2325 715 2397 tempestate
739 2315 802 2376 eius
826 2315 929 2374 elassis
942 2315 1115 2394 agitaretur,
1136 2315 1260 2375 devovit
1387 2365 1390 2372 .

158 2399 483 2462 Diis¹saerificaturum
506 2420 632 2480 serem,
654 2421 730 2480 quae
747 2401 774 2459 ei
791 2399 923 2480 primum
936 2409 1113 2461 occurreret.
1155 2400 1259 2479 itaque

158 2485 267 2560 filium,
287 2486 339 2568 qui
353 2487 468 2567 primus
480 2485 507 2544 ei
521 2484 639 2545 obviam
652 2485 747 2560 venit,
768 2483 960 2563 sacrificavit,
979 2487 1039 2562 vel,
1062 2495 1097 2544 ut
1114 2483 1181 2544 aliis
1195 2484 1259 2564 pls.

158 2579 225 2646 eet,
249 2571 409 2632 sacrificari
432 2570 534 2650 iussit,
556 2570 699 2650 ob'quam
720 2589 876 2629 oausama
901 2569 1016 2631 civibus
1034 2589 1125 2648 regno
1141 2571 1259 2651 pulsus,

159 2653 344 2799 {plautinum
360 2657 511 2718 Calabriae
530 2654 771 2739 promontorium
787 2655 928 2734 divertit,
948 2655 999 2716 ubi
1015 2655 1166 2717 civitatem
1181 2675 1259 2716 cons·

185 2739 248 2800 'dia

244 2847 315 2910 129.
340 2838 414 2926 Τάς]
434 2847 486 2907 Sic
503 2845 616 2925 Codex,
636 2855 666 2908 et
680 2845 725 2907 sio
738 2865 857 2928 quoque
873 2846 1027 2927 Cornelius
1038 2846 1258 2908 emendandum

159 2927 287 2988 oeneust.

244 3037 315 3101 130.
326 3025 449 3114 Ἀτρὲως
463 3019 564 3117 pistor]
578 3035 827 3115 Agamemnonem
838 3035 973 3114 intellige
986 3033 1070 3095 Atrei
1087 3055 1124 3095 ex
1139 3031 1256 3116 Aerope

158 3118 266 3181 salium.
288 3158 291 3164 .
307 3119 336 3178 le
360 3119 551 3179 idomeneum
569 3123 768 3202 adpraelium
782 3121 923 3180 adversus
936 3121 1081 3181 Troianos
1095 3121 1167 3180 sorti
1182 3121 1255 3179 ani-

158 3224 209 3265 mo
226 3203 486 3288 committendum,
507 3213 582 3266 teste
594 3207 722 3266 Homero
742 3205 828 3265 iliad.
843 3205 894 3264 lib.
909 3205 958 3266 IV.
970 3222 1000 3265 r.
1016 3205 1088 3272 251.
1103 3204 1254 3285 excitavit.
1287 3271 1289 3278 y

160 3289 250 3363 Quod
281 3299 380 3349 autem
405 3287 522 3369 inquit,
551 3287 605 3368 τὰς
633 3285 758 3365 &usstaig
775 3291 975 3367 ἐξονειδίζων,
1006 3290 1255 3368 Agamemnonem

158 3393 266 3454 nempe
278 3375 436 3434 Idomeneo
446 3374 565 3454 minas,
587 3396 661 3457 ques
676 3387 762 3436 antea
776 3377 828 3435 ille
842 3385 945 3435 contra
961 3375 1104 3434 Troianos
1121 3375 1254 3434 intenta-

39 3483 40 3486 *
156 3467 253 3534 verm,
274 3459 479 3538 exprobrasse,
504 3461 541 3518 ad
557 3465 658 3522 eadem
669 3461 894 3540 Agamemnonis
909 3460 1000 3523 verbs
1013 3460 1050 3519 ab
1067 3459 1195 3522 Homero
1211 3460 1256 3520 ala

158 3541 221 3602 lata
240 3543 373 3624 respicit.
393 3543 468 3602 ibid.
484 3563 514 3606 v.
527 3547 599 3613 264.
619 3546 672 3606 ubi
683 3547 742 3607 aits

222 3661 302 3733 ’Ati'
317 3665 404 3752 ’ὄρσευ
413 3662 596 3751 πολεμόνό’,
619 3666 683 3747 οἷος
698 3665 796 3756 πάρος
814 3667 899 3753 εὔχεο
918 3664 1006 3734 εἶναι.

222 3773 285 3837 Sed
294 3797 459 3858 prorumpe
474 3776 520 3837 ad
534 3777 646 3839 bellum
661 3779 749 3857 talis,
773 3779 878 3859 qualis
893 3789 983 3838 autea
993 3775 1191 3858 gloriabaris.

244 3906 314 3970 131.
337 3905 529 3984 Πνρελθεῖν.
544 3899 665 3970 ..Ledo
677 3905 763 3985 βίον]
796 3869 933 3980 Elaphio
947 3926 1003 3986 pro
1017 3905 1105 3964 bonis
1123 3903 1256 3980 sensor-
1321 3957 1327 3972 ,
1361 3927 1364 3934 ’

157 3989 245 4046 tanis
266 3986 441 4065 adhibetur,
464 4009 525 4070 quo
540 4010 627 4050 sensu
641 3991 744 4072 plures
758 3991 866 4050 Graeci
879 3999 944 4052 tuns
955 3995 1074 4071 poetae,
1095 3999 1162 4050 tum
1183 4009 1257 4048 ora-

157 4081 239 4131 tores
259 4083 460 4154 usurparunt,
482 4075 555 4134 adeo
576 4085 613 4135 ut
623 4080 786 4158 παρελθεῖν
797 4072 849 4139 τὸν
863 4077 932 4157 β1ον
945 4096 966 4134 a
977 4076 1063 4134 bonis
1076 4072 1198 4155 delicere
1211 4073 1256 4134 si-

157 4157 287 4234 gnificet.
335 4157 441 4218 Melius
462 4157 563 4240 itaque
585 4179 618 4220 se
640 4160 761 4240 gessisse
782 4160 913 4222 affirmat
928 4160 1139 4237 Idomeneum,
1170 4159 1258 4239 quie

158 4242 246 4302 Creta
259 4243 364 4324 pulsus
381 4245 492 4324 absque
507 4245 667 4305 certamine
680 4265 771 4326 regno
787 4246 886 4324 cessit,
897 4265 937 4306 ne
951 4246 1078 4327 patriam
1089 4265 1173 4306 suam
1188 4263 1256 4323 per-

158 4327 264 4426 deret,¹
284 4347 374 4409 quam
395 4330 553 4411 Saraceni,
572 4331 625 4412 qui
644 4331 828 4395 Graecorum
844 4331 934 4394 armis
950 4331 1125 4398 resistentes
1140 4327 1256 4413 patriae
