2994 4796
305 332 383 410 440
647 345 684 420 C.
702 347 739 417 B.
759 343 877 420 HASH
896 349 1048 420 NOTAE

283 504 390 567 cunda
404 503 618 588 Lexicogrephi
639 523 732 587 aequa
744 515 780 566 ot
795 506 989 568 Gmmmrtioi
1001 507 1123 588 seligere
1139 509 1335 592 quaerelint,
1355 520 1382 572 et

305 590 489 673 expendere,
511 601 542 651 et
555 602 729 653 convertere
740 592 778 652 ad
790 613 861 653 naua
876 613 947 653 moa
959 595 1085 674 poaeint.

387 678 469 755 Pog.
490 674 542 744 67.
567 677 622 738 lin.
645 683 695 744 19.
715 673 770 742 τόν
784 672 1022 760 αάνοφονεντήν]
1044 679 1275 740 Dediaaeveram
1291 679 1380 739 lectio.

304 780 372 822 nean
385 760 503 840 opinor,
523 781 692 841 quenquam
705 763 739 821 in
757 763 829 822 cod.
841 764 881 822 ait
893 757 1116 844 αάνοφονατὴν,
1129 785 1295 846 vocemque
1306 759 1381 828 αάτο-

305 840 454 926 φονεοτὴς
469 847 578 906 eruditi
592 847 710 908 dubiam
726 857 933 927 ementemque
951 849 1129 909 auctoritate
1143 859 1261 929 putent.
1302 851 1381 910 inre-

303 931 389 991 nitur
403 930 481 1010 apud
499 933 528 994 S.
550 933 691 996 Clement.
704 933 788 992 Rom.
806 933 941 994 Conatitt.
957 933 1128 1013 Apostolor.
1142 936 1204 1002 130
1218 955 1319 994 vereor
1337 933 1382 996 aei

305 1009 450 1094 Καϊάφας
465 1010 590 1098 ὕστερον
609 1012 832 1098 αάτοφονεντὴς
847 1016 956 1080 ἑαυτοῦ
971 1017 1094 1099 ἐγένετο.
1135 1018 1259 1079 Forum
1274 1021 1382 1100 elegen-

302 1099 395 1160 tiorea
410 1094 580 1178 αάτοφάνος
595 1111 682 1182 etque
698 1097 887 1182 αὐτοφάντης
901 1101 1012 1162 hebent
1027 1103 1145 1164 Lexice.

387 1187 468 1264 Pag·
489 1186 539 1252 68.
561 1187 614 1247 lin.
638 1193 687 1253 19.
708 1186 760 1249 καὶ
774 1183 909 1268 εάβονος]
932 1185 1086 1268 Εάβοτος,
1108 1187 1382 1270 quodrepoeuipm

303 1269 451 1352 emptura
467 1270 538 1328 Cod.
552 1269 677 1346 εάωτος,
697 1271 824 1332 iteratur
837 1291 954 1352 quoque
967 1273 1018 1338 41.
1033 1274 1068 1333 A.

386 1355 468 1432 Pag·
481 1355 534 1420 69.
548 1355 602 1417 lin.
615 1359 645 1421 3.
658 1353 787 1438 άπεξῆγο
800 1361 856 1418 τοῦ
863 1351 1004 1438 χάρακος]
1017 1356 1382 1436 ΡαοοίνίῑΛςοίΙιῐαο499.

388 1435 467 1500 thid.
488 1436 556 1503 ead.
578 1441 634 1500 lin.
656 1439 689 1504 ὶν
703 1443 863 1524 μεταιχμίῳ
874 1464 905 1504 τε
915 1445 1045 1522 καθίστη
1058 1439 1112 1516 τάς
1127 1438 1294 1528 φάλαγγας]
1314 1443 1382 1502 Haeo

304 1521 497 1584 Combefiaiua
513 1525 604 1586 vertit
620 1525 670 1586 IV.
686 1547 716 1606 p.
729 1531 785 1594 12:
807 1524 982 1606 mediaeque
995 1530 1073 1586 inter
1085 1528 1220 1587 oolwrtea
1233 1531 1323 1588 stetit.

377 1605 476 1759 limi
488 1609 544 1756 litii
565 1615 595 1678 9.
615 1605 775 1692 σφαδάζων
787 1633 820 1675 το
833 1615 877 1698 τῷ
890 1611 1000 1697 θυμοῖ]
1020 1606 1233 1693 Σφαόάζοναες
1245 1617 1289 1701 epi
1302 1611 1384 1696 θυμῷ

348 1702 378 1753 ei
400 1693 442 1752 iaa
477 1701 506 1761 2.
546 1739 554 1758 .

302 1689 347 1774 Ag
388 1778 466 1842 leid.
488 1779 541 1838 lin.
562 1782 614 1848 23.
634 1773 929 1862 κατοχαρασάμενοι]
956 1779 1086 1842 Verbum
1114 1775 1303 1866 κατοχαράοο,
1323 1801 1384 1838 νον·

303 1865 370 1940 nio,
392 1867 562 1924 communio
570 1910 582 1942 ,
603 1874 632 1924 et
646 1885 663 1924 ο
675 1867 791 1926 Lexicia
804 1869 900 1944 abeat,
921 1875 949 1925 et
962 1887 1000 1928 ex
1014 1867 1221 1946 aoriptoribua,
1244 1877 1279 1926 ut
1291 1865 1383 1926 exiati-

303 1969 370 2024 mo,
391 1949 530 2027 antiquie.
569 1949 659 2029 Apud
675 1951 855 2012 recentiores
867 1951 988 2028 inveni,
1008 1951 1091 2011 velut
1103 1953 1148 2011 bia
1162 1953 1195 2011 in
1208 1952 1277 2012 vira
1292 1953 1319 2009 S.
1332 1949 1382 2008 ttiti

305 2033 433 2093 iunioris
448 2054 465 2092 a
480 2034 685 2095 contubernali
699 2037 761 2095 eiua
777 2037 909 2116 aeripta,
931 2036 969 2095 ad
991 2037 1291 2116 cognoscendumque
1309 2040 1384 2114 Apu·

302 2118 505 2182 lireeaec.1x.
521 2129 632 2179 statum
648 2117 838 2189 vehementer
850 2121 943 2196 utilio,
964 2127 1014 2187 62.
1028 2122 1061 2184 Β.
1083 2115 1174 2184 πάλιν
1186 2115 1384 2202 καταχοράοας

308 2199 416 2266 ἒαοτάν
431 2208 470 2310 epi
491 2201 565 2286 πρὸς
582 2201 635 2268 τάν
652 2200 738 2269 ὅσιον
760 2207 880 2272 πίστει·
904 2214 935 2264 et
955 2210 1006 2272 99.
1025 2205 1059 2268 C.
1087 2202 1304 2286 κατοχυροάαας
1326 2201 1382 2284 [eie]

278 2285 405 2350 Βαάτοῦ
421 2311 476 2367 την
487 2291 613 2372 καρδίαν
625 2293 665 2374 τῇ
678 2292 784 2352 πίστει.
825 2289 899 2354 tum
911 2289 1001 2352 semet
1012 2287 1046 2349 in
1062 2287 1135 2352 vin'
1145 2294 1176 2351 S.
1191 2287 1384 2371 Chryaoatomi

303 2371 340 2430 nb
354 2391 502 2450 anonymo
521 2373 600 2434 edita
613 2373 692 2438 VIII.
704 2379 776 2442 820.
792 2378 844 2440 11.

267 2457 269 2462 '
292 2535 297 2540 Ι
384 2459 465 2536 Pog.
488 2463 539 2526 60.
560 2459 614 2518 lin.
638 2450 1046 2540 14.ο1σανεὶάνάράχνιον]
1071 2455 1153 2520 Fert.
1171 2457 1290 2538 legend.
1311 2451 1384 2522 oioiu

307 2533 375 2604 οἷον
390 2533 556 2621 άράχνιον,“
570 2541 637 2619 vel,
659 2539 742 2605 oiooiu
756 2537 849 2620 νητόν
865 2535 970 2625 άράχν.
1241 2619 1243 2626 Ι

385 2627 466 2703 Pog.
488 2631 539 2694 61.
562 2627 615 2690 lin.
637 2626 668 2693 4·
690 2623 768 2689 κατά
783 2621 948 2710 διαφάροος
963 2619 1073 2709 μάχας,
1095 2617 1384 2708 τῆνῬωμαΐνήνδά·

302 2730 395 2853 puple:
408 2707 638 2864 τρένῖἵνέεόςὲῑὲ
655 2710 690 2772 in
711 2711 796 2774 clade
810 2713 984 2796 stypiotee,
1006 2734 1064 2796 pro
1084 2711 1152 2794 ipeo
1173 2714 1262 2774 anai
1275 2711 1384 2794 oppido.

331 2812 347 2852 e
384 2812 457 2852 enue
499 2839 506 2854 .
585 2839 592 2855 .
633 2839 642 2865 .

388 2876 467 2939 leid.
489 2881 544 2940 lin.
567 2885 616 2947 12.
639 2873 811 2960 σχολάζοντά
833 2875 967 2967 ἄγγελοι,
988 2877 1065 2961 τοῖν]
1094 2881 1271 2964 Trouapone
1292 2881 1384 2958 virgu-

200 3029 203 3036 .
303 2961 380 3024 inm:
403 2958 588 3044 σχολάζοντι,
610 2961 674 3048 άγγ.
688 2969 757 3030 τοῖν.

388 3051 468 3128 Pag·
490 3055 541 3116 62.
564 3050 619 3114 lin.
642 3055 691 3119 11.
714 3043 817 3130 &peiore
833 3043 910 3112 κατά
929 3045 1068 3133 Μυσῶν]
1090 3050 1133 3110 De
1151 3058 1288 3132 tempore
1304 3048 1383 3109 huioa

303 3129 375 3191 belli
389 3153 458 3192 cum
471 3134 624 3214 Buigatie,
646 3155 664 3194 e
679 3134 831 3215 plerisque
847 3135 965 3194 silentio
986 3136 1203 3215 praeter-miani,
1229 3135 1384 3196 difficulte-

303 3225 348 3276 tea
364 3217 512 3280 oriuntur.
553 3221 613 3280 Leo
628 3219 850 3301 expeditionem
865 3219 1017 3298 Syriacam
1029 3219 1204 3300 Nicephori‚
1226 3221 1280 3280 ubi
1291 3217 1383 3280 Antio·

304 3299 372 3361 chin
385 3311 498 3366 tentate
518 3313 579 3382 eat,
600 3305 637 3364 ad
652 3325 679 3364 a.
697 3307 769 3372 968.
782 3303 906 3364 reiicere
919 3303 1053 3382 videtur,
1076 3305 1190 3367 beilum
1203 3305 1383 3384 Bulgnicun

303 3406 331 3450 a.
354 3393 425 3453 966.
447 3387 565 3466 locere,
592 3409 650 3448 nee
668 3387 729 3448 hoo
757 3388 822 3448 sine
853 3389 966 3468 apecie:
994 3389 1065 3469 quia
1099 3389 1159 3449 iam
1190 3413 1215 3453 e.
1244 3395 1315 3458 967.
1341 3405 1383 3446 re·

302 3472 423 3550 pontino
436 3473 599 3534 liuraorum
613 3474 661 3534 vie
679 3472 712 3532 in
731 3471 898 3551 Bulgariem
918 3473 1032 3551 ingruit
1046 3469 1087 3556 (v.
1108 3475 1201 3554 Engel
1223 3470 1383 3535 Gaechiclata

303 3553 356 3615 dee
388 3557 574 3636 Ungrieclaen
592 3558 705 3620 Reicltn
730 3557 799 3616 und
822 3563 919 3618 rainer
942 3557 1149 3619 Mtenlender
1172 3559 1196 3620 Ι.
1214 3563 1286 3626 363.
1309 3559 1339 3618 Β.
1358 3560 1384 3612 et

303 3639 444 3700 Schldzer
465 3643 595 3712 Nestor,
615 3643 664 3702 od.
682 3643 850 3703 Ruerirehe
863 3643 1007 3703 Δαναίσιν
1019 3648 1053 3704 in
1065 3645 1145 3702 iliter
1161 3637 1383 3724 Gruadepmts

303 3723 338 3784 V.
353 3729 422 3792 128.
441 3723 498 3810 B.).
543 3727 677 3787 Eundem
691 3727 827 3788 ordinem
840 3738 1008 3809 temporum
1026 3728 1149 3806 Pegium
1161 3729 1200 3790 ad
1215 3729 1317 3788 dnnnL
1330 3726 1381 3785 Ba·

187 3800 218 3858 Ρ.
233 3803 285 3864 21⁵
302 3829 368 3869 ron.
383 3811 432 3870 tv.
449 3815 498 3878 18.
512 3809 545 3872 B.
560 3821 590 3871 et
606 3817 655 3879 19.
672 3811 703 3871 C.
718 3815 909 3882 conatituiaee
923 3813 1022 3874 video.
1064 3815 1174 3874 Contra
1193 3806 1381 3874 Cedreomii
1433 3789 1450 3874 i

302 3895 376 3961 666.
392 3895 428 3956 D.
442 3895 551 3956 diaerte
562 3895 613 3973 eit,
632 3896 833 3978 Nicephorum
844 3919 906 3960 non
918 3901 990 3974 968,
1006 3899 1058 3960 aed
1069 3900 1158 3960 tertio
1171 3898 1289 3980 imperii
1303 3913 1381 3966 anno,

302 3979 357 4058 qui
371 3988 415 4039 eat
429 4000 456 4040 e.
471 3985 545 4057 966,
565 3980 832 4062 mnemosynum,
851 3983 1100 4064 Antiochiemque
1112 3993 1259 4060 tentonem
1279 3981 1382 4042 eadem·

302 4081 361 4144 que
378 4065 600 4145 computatione
616 4067 657 4128 Le
670 4067 751 4128 Beeu
762 4089 834 4128 neon
849 4079 903 4146 eat,
923 4070 1008 4132 Hire.
1024 4069 1067 4128 du
1077 4073 1300 4150 Bae-Empira,
1312 4061 1380 4126 XVI·

302 4147 374 4216 114.
395 4149 428 4210 G.
448 4151 688 4212 Controversiam
707 4151 821 4213 dirimit
834 4153 1038 4215 teatimonium
1052 4155 1231 4236 Luitprandi
1245 4155 1336 4231 Legat.
1347 4143 1380 4204 ad

299 4230 423 4315 Niceph.
440 4235 532 4299 Phoe.
551 4233 622 4306 148.
641 4236 674 4300 C.
704 4237 756 4318 qui
774 4238 978 4320 Nicephorum
997 4257 1097 4300 memo
1117 4244 1249 4320 Augusto
1271 4259 1297 4298 a.
1318 4233 1377 4300 968

298 4317 334 4384 in
351 4319 571 4404 expeditionem
593 4319 746 4404 Syrianam
766 4320 1005 4405 proiioiaoentem
1030 4325 1197 4408 comparit.
1240 4324 1378 4384 Gadaum
