3038 4796
437 383 498 459 as
518 379 808 454 Memnonen
827 335 1025 454 euoenon
1171 377 1282 460 ¹³69

178 553 338 632 peecatum
357 549 479 623 meum)
501 543 683 607 distulimus.
718 541 809 613 ¹Fecit
828 540 906 622 boc,
927 541 1050 604 Domini
1066 545 1125 608 mei
1143 545 1284 630 Augnrti,

179 647 351 712 revertendi
370 649 409 710 ad
427 669 502 726 roa,
523 657 555 709 et
573 643 699 708 ridendi
718 643 871 705 ineffabile
892 644 1092 725 desiderium
1121 659 1152 710 et
1172 651 1205 713 ni
1219 651 1281 718 hoo

178 751 276 814 solum
291 761 386 833 esset,
406 759 571 832 perpetuo,
591 755 734 829 utputo,
754 746 905 828 perierim.
945 747 1095 829 Pugnavit
1110 760 1216 814 contra
1231 760 1310 818 meo

179 854 367 914 insensatum
380 853 491 914 Auster
501 871 584 912 mera
596 850 719 912 flatibus
731 849 768 908 ab
780 849 850 910 imis
861 849 990 912 turbans
1002 852 1129 916 aedibus.
1165 855 1282 931 Quum·

181 975 241 1038 qne
269 955 330 1018 boc
351 955 503 1016 continuis
531 954 638 1016 diebus
665 943 703 1013 ac
724 952 864 1014 noctibus
885 953 1013 1034 iaceret,
1039 956 1138 1038 pridie
1155 960 1283 1023 Kalend.

180 1057 372 1136 Decembris,
402 1057 471 1139 ipso
494 1057 611 1118 scilicet
630 1054 778 1138 passionis
801 1053 867 1132 die,
887 1055 1027 1118 intellexi
1045 1079 1113 1120 meo
1130 1061 1204 1122 mihi
1221 1061 1284 1125 hec
1378 1098 1381 1106 ·

182 1148 327 1221 accidisse
346 1159 468 1221 delicto.
507 1154 580 1220 'Sola
600 1159 721 1220 vexatio
738 1158 928 1220 intellectum
947 1159 1032 1220 dedit
1049 1162 1178 1224 auditui.
1219 1165 1282 1226 Fo-

179 1283 242 1323 mes
262 1262 375 1344 quippe
394 1283 451 1324 nos
466 1263 658 1324 vehementer
675 1269 874 1345 oppresserat.
915 1261 1025 1324 Terrae
1044 1263 1162 1326 incolas
1174 1275 1283 1328 utno-

179 1375 242 1426 atra
254 1365 342 1426 nobis
358 1368 524 1445 auferrent,
548 1363 720 1427 interficere
734 1385 791 1426 nos
809 1362 996 1444 cogitabant3
1017 1385 1099 1428 mare
1112 1387 1152 1428 ne
1166 1367 1282 1450 elinge-

177 1487 287 1545 remus,
308 1467 451 1532 fluctibus
464 1469 626 1532 aestuabat.
668 1469 747 1528 'lum
759 1485 920 1528 conversus
935 1467 974 1527 ad
985 1467 1168 1550 Ecclesiam,
1190 1493 1283 1554 quam

178 1571 333 1652 videbam,
363 1572 439 1635 fleus
467 1583 498 1635 et
527 1572 641 1638 eiulans
663 1570 802 1651 inquame
840 1569 950 1628 Sancte
979 1559 1100 1632 Andrea
1126 1573 1282 1656 Apostole,

179 1675 422 1756 compiscatoris,
450 1674 627 1751 confratris,
656 1682 687 1734 et
709 1668 878 1753 coapostoli
896 1669 942 1730 tni
962 1671 1092 1735 Simonis
1110 1677 1192 1738 Petri
1213 1699 1281 1739 snm

178 1797 294 1841 envas.
342 1778 492 1840 Passionis
508 1787 578 1838 tuus
597 1778 699 1837 locum
721 1793 784 1835 non
803 1769 961 1852 abhorrui,
982 1794 1040 1837 nec
1059 1779 1202 1860 superbia
1223 1780 1281 1841 de-

179 1879 307 1942 clinavit
335 1881 398 1940 urit
418 1901 467 1943 me
486 1881 610 1940 domum
629 1875 775 1942 redeundi
796 1874 968 1955 huguetalir
988 1877 1081 1958 visio,
1103 1879 1307 1962 Augustalisl)

178 2002 274 2044 amor.
317 1983 349 2042 si
364 1992 396 2043 te
417 1985 456 2045 ad
471 1983 707 2064 indignationem
727 1978 894 2041 commovit
909 1989 1068 2061 peccatum
1082 2002 1200 2062 meum,
1222 1985 1283 2046 sli-

179 2084 241 2146 cist
261 2085 300 2146 ad
315 2086 550 2148 misericordiam
570 2105 707 2148 meorum
724 2083 866 2144 meritum
880 2079 1095 2162 Augustorum.
1136 2086 1206 2148 Non
1220 2085 1281 2146 ha-

177 2189 245 2267 bes,
267 2190 355 2251 fratri
373 2190 455 2271 quod
472 2189 627 2266 conseras,
651 2187 756 2248 confer
775 2183 968 2264 diligentibus
985 2185 1108 2248 fratrem
1127 2186 1280 2269 Augustis,

177 2292 363 2354 inhaerendo
384 2293 427 2371 ei,
450 2292 503 2373 qui
518 2291 620 2353 omnia
637 2290 733 2354 novit
774 2286 862 2350 Nosti
878 2295 913 2348 tu
928 2297 1041 2370 quanto
1058 2289 1163 2352 labore
1181 2301 1212 2352 et
1224 2313 1280 2356 sn·

178 2395 267 2472 dore,
290 2395 472 2477 quantisque
492 2395 603 2475 vigiliis
625 2402 656 2454 et
680 2390 826 2474 impensis
847 2391 1014 2452 Romanam
1033 2393 1137 2455 fratris
1156 2395 1204 2456 tui
1220 2397 1282 2458 Pe·

177 2500 220 2560 tri
232 2498 370 2580 Apostoli
383 2498 549 2562 Ecclesiam
570 2517 609 2558 ex
620 2496 785 2579 impiorum
798 2493 936 2555 manibus
952 2504 1086 2577 ereptam
1106 2497 1281 2578 ditaverint,
1323 2573 1328 2585 .

177 2599 407 2681 honoraverint,
434 2601 650 2677 exaltaverint,
679 2607 710 2660 et
731 2597 766 2658 in
786 2605 896 2658 statum
916 2599 1077 2680 proprium
1096 2601 1284 2663 reformave-

179 2701 250 2762 rint.
277 2703 309 2761 Si
321 2725 386 2764 msa
398 2725 446 2766 me
459 2703 661 2786 praecipitant
675 2721 782 2784 opera,
803 2699 940 2781 ipsorum
955 2703 1060 2764 saltem
1072 2703 1203 2766 hberent
1215 2723 1283 2765 me-

179 2802 254 2864 ritae
273 2825 406 2886 quosque
415 2808 486 2868 vult
497 2807 687 2890 praedictus,
705 2802 766 2863 fide
786 2811 817 2862 st
830 2803 972 2884 sangnine
994 2806 1088 2866 irater
1105 2816 1177 2868 tuna
1188 2805 1281 2888 Apo-

98 2927 102 2936 ·
178 2903 327 2966 stolorum
351 2908 493 2992 Princeps
514 2909 675 2991 Apostolus
693 2907 816 2982 Pecus,
844 2907 879 2966 in
900 2907 968 2967 aliis
988 2907 1078 2968 rebus
1096 2909 1226 2987 gaudere
1252 2916 1284 2970 et

177 3008 366 3092 prosperari,
388 3010 420 3070 in
433 3009 506 3090 bac,
528 3011 635 3090 idest,
655 3010 689 3092 in
701 3028 758 3087 ma,
780 3027 870 3088 quern
884 3008 944 3090 ipsi
958 3011 1140 3088 direxeram,
1159 3009 1283 3072 minimo

178 3111 358 3174 contristari.
400 3115 469 3175 Non
486 3124 549 3193 ert,
576 3113 699 3180 Domini
715 3111 774 3172 mei
790 3110 918 3191 Augusti
939 3111 1154 3194 Imperatores,
1174 3115 1313 3174 suumn

177 3213 264 3293 dico,
286 3235 349 3276 non
365 3226 411 3277 eat
426 3217 560 3278 adulatio
574 3217 665 3296 haec,
686 3229 744 3277 nec
762 3235 876 3276 consuo
894 3235 977 3275 nunc
990 3213 1134 3297 pulvilloa
1148 3213 1203 3274 sub
1220 3233 1283 3274 cn-

177 3315 242 3378 bito
256 3339 382 3397 manus3
403 3338 466 3396 res,
487 3319 628 3400 inquam,
649 3339 721 3383 vera
742 3326 802 3378 eote
823 3326 895 3399 post
908 3315 1032 3379 biduum
1045 3315 1153 3378 reatris
1165 3315 1283 3377 meritis

176 3427 262 3481 tanta
283 3431 330 3482 est
348 3423 460 3482 fretum
470 3423 692 3504 tranquillitate
708 3420 862 3498 sedatum,
883 3428 935 3498 ut,
956 3440 1026 3480 curn
1041 3427 1148 3480 nautae
1162 3439 1181 3478 a
1194 3417 1282 3479 nubis

172 3523 373 3602 ¹aufugerent,
401 3522 464 3604 ipsi
481 3525 631 3588 Leucaten
651 3543 748 3606 usqua
769 3523 993 3601 navigaremus,
1023 3525 1202 3588 milliaribus
1219 3526 1284 3588 sci·

178 3623 253 3684 licet
275 3634 397 3686 centum
418 3636 449 3686 et
470 3629 666 3709 quadraginta
687 3625 767 3688 nihil
789 3624 971 3687 discriminis
993 3637 1046 3688 aut
1069 3629 1209 3690 tristitiae
1226 3651 1285 3712 pa·

178 3725 301 3805 tientes,
323 3727 381 3787 nisi
396 3749 504 3808 parum
519 3731 552 3791 in
572 3730 709 3792 faucibus
726 3727 860 3790 fluminis
880 3726 1004 3790 Acheloi
1010 3753 1020 3807 3
1042 3731 1094 3792 ubi
1109 3731 1285 3794 discurren-

177 3836 225 3888 tes
251 3827 397 3889 velociter
418 3831 531 3894 fluetus
557 3833 621 3895 eius
642 3833 733 3894 maris
757 3831 840 3892 unda
866 3832 1048 3898 reverberat.
1096 3834 1179 3910 Quid
1201 3854 1283 3916 ergo,

176 3939 389 4013 praepotentes
412 3933 556 4015 Augusti,
586 3933 757 3998 retribuatis
784 3931 913 3994 Domino
937 3955 994 4016 pro
1020 3937 1178 4015 omnibus,
1207 3956 1285 4018 quae
1301 3947 1394 4006 σου

177 4032 320 4096 retribuit
335 4033 369 4094 in
386 4055 436 4096 mo
450 4037 559 4099 vobisl
581 4037 681 4098 dicam
699 4037 783 4118 quid.
825 4033 894 4096 Hoc
909 4035 989 4097 Deus
1009 4039 1094 4118 vult,
1114 4039 1175 4104 hoc
1188 4041 1284 4121 petit;
1450 4025 1453 4036 ¹

178 4143 210 4195 et
229 4138 366 4216 quamvis
388 4138 453 4200 sine
471 4140 561 4202 vobis
580 4140 641 4203 hoc
660 4133 760 4203 'faeere
778 4137 893 4222 poenit,
922 4125 990 4202 vult
1010 4149 1111 4204 turum
1132 4141 1224 4204 huius
1240 4143 1286 4205 rei

178 4255 243 4299 esso
257 4239 421 4322 hypurgos,
442 4243 475 4303 id
488 4253 532 4305 eat
544 4244 718 4306 ministrose
739 4243 804 4324 ipse
821 4245 902 4306 enim
920 4246 1003 4327 qnod
1018 4247 1045 4308 ei
1061 4245 1203 4308 offeratur
1217 4244 1285 4325 dat,

179 4343 313 4402 cintodit
330 4343 413 4424 quod
424 4345 539 4426 exigat,
559 4357 598 4410 nt
610 4346 710 4432 possit
724 4367 869 4411 coronare
883 4349 966 4431 qnod
977 4359 1119 4434 praestat.
1160 4347 1286 4412 Adver-

248 4440 408 4513 wopands·
423 4444 545 4518 hedis·
1035 4451 1104 4531 at,
