<?xml version="1.0" encoding="UTF-8"?>
<!DOCTYPE html PUBLIC "-//W3C//DTD XHTML 1.0 Transitional//EN"
    "http://www.w3.org/TR/xhtml1/DTD/xhtml1-transitional.dtd">
<html xmlns="http://www.w3.org/1999/xhtml" xml:lang="en" lang="en">
 <head>
  <title>
</title>
<meta http-equiv="Content-Type" content="text/html;charset=utf-8" />
  <meta name='ocr-system' content='tesseract 3.04.00' />
  <meta name='ocr-capabilities' content='ocr_page ocr_carea ocr_par ocr_line ocrx_word'/>
</head>
<body>
  <div class='ocr_page' id='page_1' title='image "./leonisdiaconica00liudgoog_0036.png"; bbox 0 0 2956 4800; ppageno 0'>
   <div class='ocr_carea' id='block_1_1' title="bbox 669 153 685 188">
    <p class='ocr_par' dir='ltr' id='par_1_1' title="bbox 669 153 685 188">
     <span class='ocr_line' id='line_1_1' title="bbox 669 153 685 188; baseline 0 0"><span class='ocrx_word' id='word_1_1' title='bbox 669 153 685 188; x_wconf 57' lang='grc' dir='ltr'>ἱ</span> 
     </span>
    </p>
   </div>
   <div class='ocr_carea' id='block_1_2' title="bbox 247 372 908 478">
    <p class='ocr_par' dir='ltr' id='par_1_2' title="bbox 247 372 908 478">
     <span class='ocr_line' id='line_1_2' title="bbox 247 372 908 478; baseline 0.003 -36"><span class='ocrx_word' id='word_1_2' title='bbox 247 391 317 442; x_wconf 91' lang='grc' dir='ltr'><strong>ιιι</strong></span> <span class='ocrx_word' id='word_1_3' title='bbox 545 469 548 478; x_wconf 20' lang='lat' dir='ltr'>y</span> <span class='ocrx_word' id='word_1_4' title='bbox 673 376 712 446; x_wconf 85' lang='lat' dir='ltr'><strong>C.</strong></span> <span class='ocrx_word' id='word_1_5' title='bbox 732 372 769 447; x_wconf 86' lang='lat' dir='ltr'><strong>B.</strong></span> <span class='ocrx_word' id='word_1_6' title='bbox 789 375 908 448; x_wconf 78' lang='lat' dir='ltr'><strong>nnsn</strong></span> 
     </span>
    </p>
   </div>
   <div class='ocr_carea' id='block_1_3' title="bbox 245 529 1356 1234">
    <p class='ocr_par' dir='ltr' id='par_1_3' title="bbox 245 529 1356 1234">
     <span class='ocr_line' id='line_1_3' title="bbox 245 529 1354 620; baseline -0.004 -17"><span class='ocrx_word' id='word_1_7' title='bbox 245 539 367 603; x_wconf 84' lang='lat' dir='ltr'><strong>saeculo</strong></span> <span class='ocrx_word' id='word_1_8' title='bbox 386 537 478 600; x_wconf 89' lang='lat' dir='ltr'><strong>tertio</strong></span> <span class='ocrx_word' id='word_1_9' title='bbox 502 535 542 598; x_wconf 90' lang='lat' dir='ltr'><strong>ad</strong></span> <span class='ocrx_word' id='word_1_10' title='bbox 555 529 727 598; x_wconf 83' lang='lat' dir='ltr'><strong>Heraclium</strong></span> <span class='ocrx_word' id='word_1_11' title='bbox 742 535 817 616; x_wconf 82' lang='lat' dir='ltr'><strong>Aug.</strong></span> <span class='ocrx_word' id='word_1_12' title='bbox 833 535 1017 600; x_wconf 84' lang='lat' dir='ltr'><strong>floruerunt:</strong></span> <span class='ocrx_word' id='word_1_13' title='bbox 1037 557 1108 598; x_wconf 90' lang='lat' dir='ltr'><strong>nam</strong></span> <span class='ocrx_word' id='word_1_14' title='bbox 1128 535 1210 620; x_wconf 87' lang='lat' dir='ltr'><strong>apud</strong></span> <span class='ocrx_word' id='word_1_15' title='bbox 1222 536 1281 600; x_wconf 91' lang='lat' dir='ltr'><strong>hos</strong></span> <span class='ocrx_word' id='word_1_16' title='bbox 1294 559 1354 620; x_wconf 90' lang='lat' dir='ltr'><strong>po·</strong></span> 
     </span>
     <span class='ocr_line' id='line_1_4' title="bbox 247 639 1354 722; baseline -0.002 -18"><span class='ocrx_word' id='word_1_17' title='bbox 247 645 311 704; x_wconf 89' lang='lat' dir='ltr'><strong>tius</strong></span> <span class='ocrx_word' id='word_1_18' title='bbox 336 641 452 722; x_wconf 88' lang='lat' dir='ltr'><strong>aliquid</strong></span> <span class='ocrx_word' id='word_1_19' title='bbox 474 639 585 720; x_wconf 84' lang='lat' dir='ltr'><strong>integri</strong></span> <span class='ocrx_word' id='word_1_20' title='bbox 609 639 733 720; x_wconf 89' lang='lat' dir='ltr'><strong>sanique</strong></span> <span class='ocrx_word' id='word_1_21' title='bbox 754 639 932 702; x_wconf 77' lang='lat' dir='ltr'><strong>remansisse</strong></span> <span class='ocrx_word' id='word_1_22' title='bbox 959 641 1143 702; x_wconf 86' lang='lat' dir='ltr'><strong>credendum</strong></span> <span class='ocrx_word' id='word_1_23' title='bbox 1166 649 1227 719; x_wconf 86' lang='lat' dir='ltr'><strong>eat,</strong></span> <span class='ocrx_word' id='word_1_24' title='bbox 1263 661 1354 720; x_wconf 88' lang='lat' dir='ltr'><strong>quam</strong></span> 
     </span>
     <span class='ocr_line' id='line_1_5' title="bbox 248 741 1353 828; baseline 0 -23"><span class='ocrx_word' id='word_1_25' title='bbox 248 745 331 828; x_wconf 88' lang='lat' dir='ltr'><strong>apud</strong></span> <span class='ocrx_word' id='word_1_26' title='bbox 351 744 421 804; x_wconf 87' lang='lat' dir='ltr'><strong>illos</strong></span> <span class='ocrx_word' id='word_1_27' title='bbox 444 743 498 825; x_wconf 91' lang='lat' dir='ltr'><strong>qui</strong></span> <span class='ocrx_word' id='word_1_28' title='bbox 513 759 591 805; x_wconf 85' lang='lat' dir='ltr'><strong>saec.</strong></span> <span class='ocrx_word' id='word_1_29' title='bbox 613 763 669 804; x_wconf 81' lang='lat' dir='ltr'><strong>vn.</strong></span> <span class='ocrx_word' id='word_1_30' title='bbox 691 751 721 802; x_wconf 90' lang='lat' dir='ltr'><strong>et</strong></span> <span class='ocrx_word' id='word_1_31' title='bbox 741 741 882 823; x_wconf 72' lang='lat' dir='ltr'><strong>deinceps</strong></span> <span class='ocrx_word' id='word_1_32' title='bbox 900 743 1040 820; x_wconf 75' lang='lat' dir='ltr'><strong>bierunt,</strong></span> <span class='ocrx_word' id='word_1_33' title='bbox 1062 761 1156 822; x_wconf 83' lang='lat' dir='ltr'><strong>nsque</strong></span> <span class='ocrx_word' id='word_1_34' title='bbox 1177 743 1216 802; x_wconf 90' lang='lat' dir='ltr'><strong>ad</strong></span> <span class='ocrx_word' id='word_1_35' title='bbox 1234 753 1353 823; x_wconf 82' lang='lat' dir='ltr'><strong>captam</strong></span> 
     </span>
     <span class='ocr_line' id='line_1_6' title="bbox 246 845 1350 926; baseline -0.001 -18"><span class='ocrx_word' id='word_1_36' title='bbox 246 847 362 909; x_wconf 90' lang='lat' dir='ltr'><strong>urbem.</strong></span> <span class='ocrx_word' id='word_1_37' title='bbox 412 847 458 907; x_wconf 83' lang='lat' dir='ltr'><strong>Ab</strong></span> <span class='ocrx_word' id='word_1_38' title='bbox 480 845 633 908; x_wconf 70' lang='lat' dir='ltr'><strong>historicis</strong></span> <span class='ocrx_word' id='word_1_39' title='bbox 656 845 911 906; x_wconf 73' lang='lat' dir='ltr'><strong>illustrationibus</strong></span> <span class='ocrx_word' id='word_1_40' title='bbox 933 845 1113 926; x_wconf 87' lang='lat' dir='ltr'><strong>plerumque</strong></span> <span class='ocrx_word' id='word_1_41' title='bbox 1134 865 1182 905; x_wconf 87' lang='lat' dir='ltr'><strong>me</strong></span> <span class='ocrx_word' id='word_1_42' title='bbox 1203 845 1350 907; x_wconf 85' lang='lat' dir='ltr'><strong>continui.</strong></span> 
     </span>
     <span class='ocr_line' id='line_1_7' title="bbox 247 947 1354 1032; baseline -0.003 -23"><span class='ocrx_word' id='word_1_43' title='bbox 247 953 325 1009; x_wconf 78' lang='lat' dir='ltr'><strong>Sunt</strong></span> <span class='ocrx_word' id='word_1_44' title='bbox 340 948 393 1029; x_wconf 90' lang='lat' dir='ltr'><strong>qui</strong></span> <span class='ocrx_word' id='word_1_45' title='bbox 409 949 535 1010; x_wconf 89' lang='lat' dir='ltr'><strong>materia</strong></span> <span class='ocrx_word' id='word_1_46' title='bbox 550 971 567 1008; x_wconf 91' lang='lat' dir='ltr'><strong>a</strong></span> <span class='ocrx_word' id='word_1_47' title='bbox 580 948 668 1009; x_wconf 87' lang='lat' dir='ltr'><strong>nobis</strong></span> <span class='ocrx_word' id='word_1_48' title='bbox 685 954 790 1028; x_wconf 87' lang='lat' dir='ltr'><strong>parata</strong></span> <span class='ocrx_word' id='word_1_49' title='bbox 801 956 886 1006; x_wconf 87' lang='lat' dir='ltr'><strong>recte</strong></span> <span class='ocrx_word' id='word_1_50' title='bbox 898 957 1040 1032; x_wconf 80' lang='lat' dir='ltr'><strong>utantur,</strong></span> <span class='ocrx_word' id='word_1_51' title='bbox 1063 947 1225 1026; x_wconf 84' lang='lat' dir='ltr'><strong>scriptores</strong></span> <span class='ocrx_word' id='word_1_52' title='bbox 1239 948 1354 1028; x_wconf 86' lang='lat' dir='ltr'><strong>proba·</strong></span> 
     </span>
     <span class='ocr_line' id='line_1_8' title="bbox 245 1047 1355 1135; baseline -0.003 -23"><span class='ocrx_word' id='word_1_53' title='bbox 245 1051 321 1112; x_wconf 90' lang='lat' dir='ltr'><strong>biles</strong></span> <span class='ocrx_word' id='word_1_54' title='bbox 335 1051 433 1128; x_wconf 89' lang='lat' dir='ltr'><strong>multi,</strong></span> <span class='ocrx_word' id='word_1_55' title='bbox 456 1053 571 1135; x_wconf 74' lang='lat' dir='ltr'><strong>pliquot</strong></span> <span class='ocrx_word' id='word_1_56' title='bbox 582 1052 671 1111; x_wconf 87' lang='lat' dir='ltr'><strong>etiam</strong></span> <span class='ocrx_word' id='word_1_57' title='bbox 685 1047 809 1126; x_wconf 89' lang='lat' dir='ltr'><strong>summi,</strong></span> <span class='ocrx_word' id='word_1_58' title='bbox 831 1058 868 1108; x_wconf 90' lang='lat' dir='ltr'><strong>ut</strong></span> <span class='ocrx_word' id='word_1_59' title='bbox 880 1049 1104 1130; x_wconf 79' lang='lat' dir='ltr'><strong>componendae</strong></span> <span class='ocrx_word' id='word_1_60' title='bbox 1115 1048 1259 1108; x_wconf 88' lang='lat' dir='ltr'><strong>historiae</strong></span> <span class='ocrx_word' id='word_1_61' title='bbox 1273 1049 1355 1109; x_wconf 88' lang='lat' dir='ltr'><strong>clara</strong></span> 
     </span>
     <span class='ocr_line' id='line_1_9' title="bbox 246 1151 1356 1234; baseline -0.004 -20"><span class='ocrx_word' id='word_1_62' title='bbox 246 1153 307 1234; x_wconf 91' lang='lat' dir='ltr'><strong>ipsi</strong></span> <span class='ocrx_word' id='word_1_63' title='bbox 322 1153 468 1234; x_wconf 89' lang='lat' dir='ltr'><strong>exempla,</strong></span> <span class='ocrx_word' id='word_1_64' title='bbox 492 1155 536 1214; x_wconf 88' lang='lat' dir='ltr'><strong>ita</strong></span> <span class='ocrx_word' id='word_1_65' title='bbox 550 1151 784 1234; x_wconf 85' lang='lat' dir='ltr'><strong>compositanun</strong></span> <span class='ocrx_word' id='word_1_66' title='bbox 797 1151 906 1232; x_wconf 90' lang='lat' dir='ltr'><strong>optimi</strong></span> <span class='ocrx_word' id='word_1_67' title='bbox 919 1151 1045 1211; x_wconf 91' lang='lat' dir='ltr'><strong>iudices.</strong></span> <span class='ocrx_word' id='word_1_68' title='bbox 1075 1151 1165 1211; x_wconf 89' lang='lat' dir='ltr'><strong>Velut</strong></span> <span class='ocrx_word' id='word_1_69' title='bbox 1179 1152 1211 1210; x_wconf 91' lang='lat' dir='ltr'><strong>in</strong></span> <span class='ocrx_word' id='word_1_70' title='bbox 1226 1152 1356 1212; x_wconf 89' lang='lat' dir='ltr'><strong>Germa-</strong></span> 
     </span>
    </p>
   </div>
   <div class='ocr_carea' id='block_1_4' title="bbox 133 1252 1355 1350">
    <p class='ocr_par' dir='ltr' id='par_1_4' title="bbox 133 1252 1355 1350">
     <span class='ocr_line' id='line_1_10' title="bbox 133 1252 1355 1350; baseline -0.004 -32"><span class='ocrx_word' id='word_1_71' title='bbox 133 1283 134 1286; x_wconf 44' lang='lat'><em>*</em></span> <span class='ocrx_word' id='word_1_72' title='bbox 196 1335 205 1350; x_wconf 27' lang='grc' dir='ltr'>ἱ</span> <span class='ocrx_word' id='word_1_73' title='bbox 244 1257 296 1317; x_wconf 90' lang='lat' dir='ltr'><strong>nia</strong></span> <span class='ocrx_word' id='word_1_74' title='bbox 312 1257 487 1317; x_wconf 87' lang='lat' dir='ltr'><strong>Fredericus</strong></span> <span class='ocrx_word' id='word_1_75' title='bbox 502 1253 969 1335; x_wconf 79' lang='lat' dir='ltr'><strong>Christophorus,Sunnossruus,</strong></span> <span class='ocrx_word' id='word_1_76' title='bbox 993 1252 1045 1332; x_wconf 92' lang='lat' dir='ltr'><strong>qui</strong></span> <span class='ocrx_word' id='word_1_77' title='bbox 1059 1253 1137 1312; x_wconf 88' lang='lat' dir='ltr'><strong>libro</strong></span> <span class='ocrx_word' id='word_1_78' title='bbox 1156 1275 1269 1334; x_wconf 87' lang='lat' dir='ltr'><strong>pancos</strong></span> <span class='ocrx_word' id='word_1_79' title='bbox 1284 1263 1355 1314; x_wconf 87' lang='lat' dir='ltr'><strong>aute</strong></span> 
     </span>
    </p>
   </div>
   <div class='ocr_carea' id='block_1_5' title="bbox 209 1351 1435 2668">
    <p class='ocr_par' dir='ltr' id='par_1_5' title="bbox 209 1351 1435 2668">
     <span class='ocr_line' id='line_1_11' title="bbox 245 1351 1354 1438; baseline 0 -19"><span class='ocrx_word' id='word_1_80' title='bbox 245 1380 341 1419; x_wconf 87' lang='lat' dir='ltr'><strong>annos</strong></span> <span class='ocrx_word' id='word_1_81' title='bbox 365 1359 446 1418; x_wconf 91' lang='lat' dir='ltr'><strong>edito</strong></span> <span class='ocrx_word' id='word_1_82' title='bbox 470 1359 598 1438; x_wconf 89' lang='lat' dir='ltr'><strong>impetus</strong></span> <span class='ocrx_word' id='word_1_83' title='bbox 623 1357 859 1436; x_wconf 83' lang='lat' dir='ltr'><strong>Imperatorum,</strong></span> <span class='ocrx_word' id='word_1_84' title='bbox 890 1351 1151 1436; x_wconf 80' lang='lat' dir='ltr'><strong>Constantinopoli</strong></span> <span class='ocrx_word' id='word_1_85' title='bbox 1174 1361 1354 1419; x_wconf 86' lang='lat' dir='ltr'><strong>Sanctorum</strong></span> 
     </span>
     <span class='ocr_line' id='line_1_12' title="bbox 209 1442 1355 1540; baseline 0 -18"><span class='ocrx_word' id='word_1_86' title='bbox 209 1483 211 1490; x_wconf 75' lang='grc'>’</span> <span class='ocrx_word' id='word_1_87' title='bbox 244 1459 386 1540; x_wconf 87' lang='lat' dir='ltr'><strong>imagines</strong></span> <span class='ocrx_word' id='word_1_88' title='bbox 406 1460 629 1536; x_wconf 81' lang='lat' dir='ltr'><strong>infestantium,</strong></span> <span class='ocrx_word' id='word_1_89' title='bbox 650 1477 713 1518; x_wconf 91' lang='lat' dir='ltr'><strong>uon</strong></span> <span class='ocrx_word' id='word_1_90' title='bbox 734 1442 851 1518; x_wconf 86' lang='lat' dir='ltr'><strong>minore</strong></span> <span class='ocrx_word' id='word_1_91' title='bbox 871 1459 1009 1518; x_wconf 88' lang='lat' dir='ltr'><strong>acumine</strong></span> <span class='ocrx_word' id='word_1_92' title='bbox 1020 1479 1110 1538; x_wconf 86' lang='lat' dir='ltr'><strong>quam</strong></span> <span class='ocrx_word' id='word_1_93' title='bbox 1126 1461 1268 1521; x_wconf 81' lang='lat' dir='ltr'><strong>facundia</strong></span> <span class='ocrx_word' id='word_1_94' title='bbox 1281 1463 1355 1522; x_wconf 83' lang='lat' dir='ltr'><strong>feti-</strong></span> 
     </span>
     <span class='ocr_line' id='line_1_13' title="bbox 246 1560 1355 1645; baseline 0 -21"><span class='ocrx_word' id='word_1_95' title='bbox 246 1562 363 1624; x_wconf 85' lang='lat' dir='ltr'><strong>cissime</strong></span> <span class='ocrx_word' id='word_1_96' title='bbox 383 1561 528 1643; x_wconf 84' lang='lat' dir='ltr'><strong>exposuit.</strong></span> <span class='ocrx_word' id='word_1_97' title='bbox 570 1563 606 1622; x_wconf 92' lang='lat' dir='ltr'><strong>In</strong></span> <span class='ocrx_word' id='word_1_98' title='bbox 624 1561 732 1621; x_wconf 85' lang='lat' dir='ltr'><strong>Ruseia</strong></span> <span class='ocrx_word' id='word_1_99' title='bbox 753 1561 894 1620; x_wconf 86' lang='lat' dir='ltr'><strong>Nicolaua</strong></span> <span class='ocrx_word' id='word_1_100' title='bbox 914 1562 1092 1640; x_wconf 79' lang='lat' dir='ltr'><strong>Kaunsrn,</strong></span> <span class='ocrx_word' id='word_1_101' title='bbox 1113 1560 1255 1624; x_wconf 89' lang='lat' dir='ltr'><strong>historiae</strong></span> <span class='ocrx_word' id='word_1_102' title='bbox 1277 1585 1355 1645; x_wconf 90' lang='lat' dir='ltr'><strong>pro·</strong></span> 
     </span>
     <span class='ocr_line' id='line_1_14' title="bbox 245 1663 1356 1746; baseline 0.004 -22"><span class='ocrx_word' id='word_1_103' title='bbox 245 1663 419 1724; x_wconf 88' lang='lat' dir='ltr'><strong>batissimae</strong></span> <span class='ocrx_word' id='word_1_104' title='bbox 438 1673 561 1742; x_wconf 88' lang='lat' dir='ltr'><strong>auctor,</strong></span> <span class='ocrx_word' id='word_1_105' title='bbox 583 1685 641 1744; x_wconf 88' lang='lat' dir='ltr'><strong>qua</strong></span> <span class='ocrx_word' id='word_1_106' title='bbox 659 1663 772 1746; x_wconf 85' lang='lat' dir='ltr'><strong>patrias</strong></span> <span class='ocrx_word' id='word_1_107' title='bbox 786 1663 1061 1742; x_wconf 77' lang='lat' dir='ltr'><strong>antiquitatesrara</strong></span> <span class='ocrx_word' id='word_1_108' title='bbox 1074 1665 1196 1726; x_wconf 91' lang='lat' dir='ltr'><strong>dicendi</strong></span> <span class='ocrx_word' id='word_1_109' title='bbox 1211 1667 1356 1728; x_wconf 80' lang='lat' dir='ltr'><strong>facultate</strong></span> 
     </span>
     <span class='ocr_line' id='line_1_15' title="bbox 247 1765 1354 1848; baseline 0.005 -24"><span class='ocrx_word' id='word_1_110' title='bbox 247 1765 425 1826; x_wconf 87' lang='lat' dir='ltr'><strong>mirabiliter</strong></span> <span class='ocrx_word' id='word_1_111' title='bbox 449 1767 627 1828; x_wconf 78' lang='lat' dir='ltr'><strong>illustravite</strong></span> <span class='ocrx_word' id='word_1_112' title='bbox 657 1775 688 1826; x_wconf 88' lang='lat' dir='ltr'><strong>et</strong></span> <span class='ocrx_word' id='word_1_113' title='bbox 706 1765 881 1847; x_wconf 87' lang='lat' dir='ltr'><strong>cumprimis</strong></span> <span class='ocrx_word' id='word_1_114' title='bbox 903 1765 1062 1848; x_wconf 86' lang='lat' dir='ltr'><strong>Philippus</strong></span> <span class='ocrx_word' id='word_1_115' title='bbox 1086 1768 1192 1846; x_wconf 85' lang='lat' dir='ltr'><strong>Kauc,</strong></span> <span class='ocrx_word' id='word_1_116' title='bbox 1221 1767 1271 1828; x_wconf 90' lang='lat' dir='ltr'><strong>cui</strong></span> <span class='ocrx_word' id='word_1_117' title='bbox 1292 1769 1354 1830; x_wconf 87' lang='lat' dir='ltr'><strong>iam</strong></span> 
     </span>
     <span class='ocr_line' id='line_1_16' title="bbox 247 1855 1435 1958; baseline 0.002 -30"><span class='ocrx_word' id='word_1_118' title='bbox 247 1870 386 1958; x_wconf 88' lang='lat' dir='ltr'><strong>superius</strong></span> <span class='ocrx_word' id='word_1_119' title='bbox 404 1869 519 1929; x_wconf 88' lang='lat' dir='ltr'><strong>debitas</strong></span> <span class='ocrx_word' id='word_1_120' title='bbox 538 1869 649 1948; x_wconf 88' lang='lat' dir='ltr'><strong>gratias</strong></span> <span class='ocrx_word' id='word_1_121' title='bbox 672 1870 849 1950; x_wconf 88' lang='lat' dir='ltr'><strong>meritasque</strong></span> <span class='ocrx_word' id='word_1_122' title='bbox 863 1855 1036 1948; x_wconf 52' lang='lat' dir='ltr'><strong>egiscuius</strong></span> <span class='ocrx_word' id='word_1_123' title='bbox 1053 1870 1087 1929; x_wconf 92' lang='lat' dir='ltr'><strong>in</strong></span> <span class='ocrx_word' id='word_1_124' title='bbox 1101 1871 1275 1931; x_wconf 88' lang='lat' dir='ltr'><strong>Teutamiue</strong></span> <span class='ocrx_word' id='word_1_125' title='bbox 1289 1871 1353 1932; x_wconf 90' lang='lat' dir='ltr'><strong>cri-</strong></span> <span class='ocrx_word' id='word_1_126' title='bbox 1432 1873 1435 1882; x_wconf 88' lang='grc'><strong>“</strong></span> 
     </span>
     <span class='ocr_line' id='line_1_17' title="bbox 247 1969 1352 2054; baseline 0.005 -24"><span class='ocrx_word' id='word_1_127' title='bbox 247 1969 311 2030; x_wconf 88' lang='lat' dir='ltr'><strong>tico</strong></span> <span class='ocrx_word' id='word_1_128' title='bbox 334 1971 373 2031; x_wconf 92' lang='lat' dir='ltr'><strong>ad</strong></span> <span class='ocrx_word' id='word_1_129' title='bbox 386 1970 596 2030; x_wconf 89' lang='lat' dir='ltr'><strong>illustrandam</strong></span> <span class='ocrx_word' id='word_1_130' title='bbox 617 1969 840 2050; x_wconf 82' lang='lat' dir='ltr'><strong>chronologiam</strong></span> <span class='ocrx_word' id='word_1_131' title='bbox 854 1972 1068 2051; x_wconf 83' lang='lat' dir='ltr'><strong>Byzantinam,</strong></span> <span class='ocrx_word' id='word_1_132' title='bbox 1090 1973 1242 2054; x_wconf 88' lang='lat' dir='ltr'><strong>Petropoli</strong></span> <span class='ocrx_word' id='word_1_133' title='bbox 1260 1977 1352 2042; x_wconf 87' lang='grc'><strong>1810.</strong></span> 
     </span>
     <span class='ocr_line' id='line_1_18' title="bbox 246 2070 1353 2157; baseline 0.007 -27"><span class='ocrx_word' id='word_1_134' title='bbox 246 2070 366 2155; x_wconf 88' lang='lat' dir='ltr'><strong>(omitto</strong></span> <span class='ocrx_word' id='word_1_135' title='bbox 389 2073 447 2141; x_wconf 82' lang='lat' dir='ltr'><strong>alia</strong></span> <span class='ocrx_word' id='word_1_136' title='bbox 462 2075 522 2135; x_wconf 87' lang='lat' dir='ltr'><strong>eius</strong></span> <span class='ocrx_word' id='word_1_137' title='bbox 539 2075 666 2156; x_wconf 87' lang='lat' dir='ltr'><strong>scripta,</strong></span> <span class='ocrx_word' id='word_1_138' title='bbox 689 2094 765 2154; x_wconf 89' lang='lat' dir='ltr'><strong>quae</strong></span> <span class='ocrx_word' id='word_1_139' title='bbox 784 2075 879 2134; x_wconf 82' lang='lat' dir='ltr'><strong>multu</strong></span> <span class='ocrx_word' id='word_1_140' title='bbox 901 2072 1003 2156; x_wconf 88' lang='lat' dir='ltr'><strong>sunt),</strong></span> <span class='ocrx_word' id='word_1_141' title='bbox 1023 2075 1157 2157; x_wconf 83' lang='lat' dir='ltr'><strong>perfecta</strong></span> <span class='ocrx_word' id='word_1_142' title='bbox 1171 2093 1274 2136; x_wconf 90' lang='lat' dir='ltr'><strong>rerum</strong></span> <span class='ocrx_word' id='word_1_143' title='bbox 1286 2084 1353 2138; x_wconf 86' lang='lat' dir='ltr'><strong>tum</strong></span> 
     </span>
     <span class='ocr_line' id='line_1_19' title="bbox 246 2173 1389 2258; baseline 0.003 -24"><span class='ocrx_word' id='word_1_144' title='bbox 246 2173 434 2234; x_wconf 82' lang='lat' dir='ltr'><strong>Slavicarum</strong></span> <span class='ocrx_word' id='word_1_145' title='bbox 455 2185 522 2236; x_wconf 91' lang='lat' dir='ltr'><strong>tum</strong></span> <span class='ocrx_word' id='word_1_146' title='bbox 542 2176 822 2258; x_wconf 84' lang='lat' dir='ltr'><strong>septentrionalium</strong></span> <span class='ocrx_word' id='word_1_147' title='bbox 840 2177 988 2256; x_wconf 84' lang='lat' dir='ltr'><strong>cognitio,</strong></span> <span class='ocrx_word' id='word_1_148' title='bbox 1010 2197 1125 2237; x_wconf 88' lang='lat' dir='ltr'><strong>summa</strong></span> <span class='ocrx_word' id='word_1_149' title='bbox 1137 2177 1255 2238; x_wconf 88' lang='lat' dir='ltr'><strong>ratione</strong></span> <span class='ocrx_word' id='word_1_150' title='bbox 1274 2199 1353 2238; x_wconf 91' lang='lat' dir='ltr'><strong>cou·</strong></span> <span class='ocrx_word' id='word_1_151' title='bbox 1385 2241 1389 2250; x_wconf 58' lang='grc'><strong>,</strong></span> 
     </span>
     <span class='ocr_line' id='line_1_20' title="bbox 245 2275 1352 2361; baseline 0.004 -25"><span class='ocrx_word' id='word_1_152' title='bbox 245 2275 518 2359; x_wconf 85' lang='lat' dir='ltr'><strong>sideratissimaque</strong></span> <span class='ocrx_word' id='word_1_153' title='bbox 532 2279 694 2361; x_wconf 87' lang='lat' dir='ltr'><strong>prudentia</strong></span> <span class='ocrx_word' id='word_1_154' title='bbox 710 2278 828 2359; x_wconf 86' lang='lat' dir='ltr'><strong>adiuta,</strong></span> <span class='ocrx_word' id='word_1_155' title='bbox 850 2280 960 2357; x_wconf 86' lang='lat' dir='ltr'><strong>eluxit,</strong></span> <span class='ocrx_word' id='word_1_156' title='bbox 983 2279 1126 2358; x_wconf 90' lang='lat' dir='ltr'><strong>cuiusque</strong></span> <span class='ocrx_word' id='word_1_157' title='bbox 1142 2280 1352 2340; x_wconf 87' lang='lat' dir='ltr'><strong>eruditissimis</strong></span> 
     </span>
     <span class='ocr_line' id='line_1_21' title="bbox 246 2379 1351 2464; baseline 0.002 -24"><span class='ocrx_word' id='word_1_158' title='bbox 246 2379 504 2441; x_wconf 87' lang='lat' dir='ltr'><strong>observationibus</strong></span> <span class='ocrx_word' id='word_1_159' title='bbox 529 2382 562 2441; x_wconf 91' lang='lat' dir='ltr'><strong>in</strong></span> <span class='ocrx_word' id='word_1_160' title='bbox 578 2381 639 2444; x_wconf 93' lang='lat' dir='ltr'><strong>hoc</strong></span> <span class='ocrx_word' id='word_1_161' title='bbox 655 2402 776 2464; x_wconf 88' lang='lat' dir='ltr'><strong>quoque</strong></span> <span class='ocrx_word' id='word_1_162' title='bbox 789 2402 879 2464; x_wconf 86' lang='lat' dir='ltr'><strong>opere</strong></span> <span class='ocrx_word' id='word_1_163' title='bbox 891 2380 1006 2443; x_wconf 88' lang='lat' dir='ltr'><strong>edendo</strong></span> <span class='ocrx_word' id='word_1_164' title='bbox 1020 2401 1082 2441; x_wconf 92' lang='lat' dir='ltr'><strong>non</strong></span> <span class='ocrx_word' id='word_1_165' title='bbox 1098 2381 1289 2442; x_wconf 85' lang='lat' dir='ltr'><strong>mediocriter</strong></span> <span class='ocrx_word' id='word_1_166' title='bbox 1303 2401 1351 2442; x_wconf 85' lang='lat' dir='ltr'><strong>me</strong></span> 
     </span>
     <span class='ocr_line' id='line_1_22' title="bbox 245 2481 1350 2566; baseline 0.005 -26"><span class='ocrx_word' id='word_1_167' title='bbox 245 2481 383 2541; x_wconf 88' lang='lat' dir='ltr'><strong>adiutum</strong></span> <span class='ocrx_word' id='word_1_168' title='bbox 406 2503 479 2566; x_wconf 38' lang='lat' dir='ltr'><strong>esse,</strong></span> <span class='ocrx_word' id='word_1_169' title='bbox 492 2505 645 2565; x_wconf 91' lang='lat' dir='ltr'><strong>nunquam</strong></span> <span class='ocrx_word' id='word_1_170' title='bbox 662 2483 867 2545; x_wconf 86' lang='lat' dir='ltr'><strong>dissimulabo.</strong></span> <span class='ocrx_word' id='word_1_171' title='bbox 908 2483 945 2544; x_wconf 90' lang='lat' dir='ltr'><strong>lu</strong></span> <span class='ocrx_word' id='word_1_172' title='bbox 964 2481 1076 2564; x_wconf 88' lang='lat' dir='ltr'><strong>Gallia,</strong></span> <span class='ocrx_word' id='word_1_173' title='bbox 1099 2483 1182 2543; x_wconf 89' lang='lat' dir='ltr'><strong>omni</strong></span> <span class='ocrx_word' id='word_1_174' title='bbox 1199 2483 1350 2565; x_wconf 82' lang='lat' dir='ltr'><strong>politioris</strong></span> 
     </span>
     <span class='ocr_line' id='line_1_23' title="bbox 244 2577 1350 2668; baseline 0.001 -23"><span class='ocrx_word' id='word_1_175' title='bbox 244 2583 431 2646; x_wconf 86' lang='lat' dir='ltr'><strong>litteraturae</strong></span> <span class='ocrx_word' id='word_1_176' title='bbox 450 2597 480 2647; x_wconf 91' lang='lat' dir='ltr'><strong>et</strong></span> <span class='ocrx_word' id='word_1_177' title='bbox 507 2588 712 2668; x_wconf 87' lang='lat' dir='ltr'><strong>antiquitatis,</strong></span> <span class='ocrx_word' id='word_1_178' title='bbox 744 2585 827 2646; x_wconf 92' lang='lat' dir='ltr'><strong>omni</strong></span> <span class='ocrx_word' id='word_1_179' title='bbox 849 2577 1041 2645; x_wconf 86' lang='lat' dir='ltr'><strong>scientiarum</strong></span> <span class='ocrx_word' id='word_1_180' title='bbox 1063 2603 1170 2664; x_wconf 87' lang='lat' dir='ltr'><strong>genere</strong></span> <span class='ocrx_word' id='word_1_181' title='bbox 1190 2586 1350 2664; x_wconf 85' lang='lat' dir='ltr'><strong>excellens,</strong></span> 
     </span>
    </p>
   </div>
   <div class='ocr_carea' id='block_1_6' title="bbox 245 2685 1463 2774">
    <p class='ocr_par' dir='ltr' id='par_1_6' title="bbox 245 2685 1463 2774">
     <span class='ocr_line' id='line_1_24' title="bbox 245 2685 1463 2774; baseline 0.003 -27"><span class='ocrx_word' id='word_1_182' title='bbox 245 2685 316 2750; x_wconf 77' lang='lat' dir='ltr'><strong>Ant.</strong></span> <span class='ocrx_word' id='word_1_183' title='bbox 339 2688 444 2774; x_wconf 84' lang='lat' dir='ltr'><strong>loaun.</strong></span> <span class='ocrx_word' id='word_1_184' title='bbox 465 2689 640 2766; x_wconf 79' lang='lat' dir='ltr'><strong>Leusonna,</strong></span> <span class='ocrx_word' id='word_1_185' title='bbox 662 2689 766 2751; x_wconf 88' lang='lat' dir='ltr'><strong>multia</strong></span> <span class='ocrx_word' id='word_1_186' title='bbox 779 2687 855 2748; x_wconf 90' lang='lat' dir='ltr'><strong>mihi</strong></span> <span class='ocrx_word' id='word_1_187' title='bbox 868 2687 1038 2750; x_wconf 84' lang='lat' dir='ltr'><strong>nominibus</strong></span> <span class='ocrx_word' id='word_1_188' title='bbox 1058 2709 1162 2762; x_wconf 83' lang='lat' dir='ltr'><strong>carus,</strong></span> <span class='ocrx_word' id='word_1_189' title='bbox 1185 2710 1248 2749; x_wconf 89' lang='lat' dir='ltr'><strong>non</strong></span> <span class='ocrx_word' id='word_1_190' title='bbox 1260 2689 1351 2751; x_wconf 91' lang='lat' dir='ltr'><strong>modo</strong></span> <span class='ocrx_word' id='word_1_191' title='bbox 1460 2700 1463 2714; x_wconf 84' lang='lat'>&#39;</span> 
     </span>
    </p>
   </div>
   <div class='ocr_carea' id='block_1_7' title="bbox 178 2788 1355 4004">
    <p class='ocr_par' dir='ltr' id='par_1_7' title="bbox 178 2788 1355 4004">
     <span class='ocr_line' id='line_1_25' title="bbox 197 2788 1354 2878; baseline 0 -24"><span class='ocrx_word' id='word_1_192' title='bbox 197 2845 201 2854; x_wconf 91' lang='lat'>.</span> <span class='ocrx_word' id='word_1_193' title='bbox 244 2788 365 2868; x_wconf 90' lang='lat' dir='ltr'><strong>ingenio</strong></span> <span class='ocrx_word' id='word_1_194' title='bbox 389 2791 649 2872; x_wconf 84' lang='lat' dir='ltr'><strong>splendidissimo,</strong></span> <span class='ocrx_word' id='word_1_195' title='bbox 671 2791 724 2854; x_wconf 89' lang='lat' dir='ltr'><strong>sed</strong></span> <span class='ocrx_word' id='word_1_196' title='bbox 748 2795 870 2878; x_wconf 72' lang='grc' dir='ltr'><strong>κριτικῇ</strong></span> <span class='ocrx_word' id='word_1_197' title='bbox 889 2809 1008 2872; x_wconf 90' lang='lat' dir='ltr'><strong>quoque</strong></span> <span class='ocrx_word' id='word_1_198' title='bbox 1028 2789 1170 2870; x_wconf 86' lang='lat' dir='ltr'><strong>singulari</strong></span> <span class='ocrx_word' id='word_1_199' title='bbox 1186 2801 1277 2873; x_wconf 88' lang='lat' dir='ltr'><strong>atque</strong></span> <span class='ocrx_word' id='word_1_200' title='bbox 1296 2813 1354 2854; x_wconf 84' lang='lat' dir='ltr'><strong>ex-</strong></span> 
     </span>
     <span class='ocr_line' id='line_1_26' title="bbox 246 2892 1351 2977; baseline 0.005 -26"><span class='ocrx_word' id='word_1_201' title='bbox 246 2892 357 2972; x_wconf 87' lang='lat' dir='ltr'><strong>quisita</strong></span> <span class='ocrx_word' id='word_1_202' title='bbox 379 2903 542 2974; x_wconf 88' lang='lat' dir='ltr'><strong>praestans.</strong></span> <span class='ocrx_word' id='word_1_203' title='bbox 585 2897 688 2976; x_wconf 87' lang='lat' dir='ltr'><strong>Neque</strong></span> <span class='ocrx_word' id='word_1_204' title='bbox 710 2895 753 2956; x_wconf 91' lang='lat' dir='ltr'><strong>ibi</strong></span> <span class='ocrx_word' id='word_1_205' title='bbox 770 2892 1059 2977; x_wconf 78' lang='lat' dir='ltr'><strong>postAmeilhouis,</strong></span> <span class='ocrx_word' id='word_1_206' title='bbox 1081 2894 1238 2976; x_wconf 88' lang='lat' dir='ltr'><strong>scriptoris</strong></span> <span class='ocrx_word' id='word_1_207' title='bbox 1251 2895 1351 2976; x_wconf 89' lang='lat' dir='ltr'><strong>politi,</strong></span> 
     </span>
     <span class='ocr_line' id='line_1_27' title="bbox 245 2994 1352 3078; baseline 0.003 -22"><span class='ocrx_word' id='word_1_208' title='bbox 245 3015 343 3075; x_wconf 91' lang='lat' dir='ltr'><strong>nequa</strong></span> <span class='ocrx_word' id='word_1_209' title='bbox 364 3005 434 3078; x_wconf 88' lang='lat' dir='ltr'><strong>post</strong></span> <span class='ocrx_word' id='word_1_210' title='bbox 457 2997 510 3057; x_wconf 90' lang='lat' dir='ltr'><strong>lib.</strong></span> <span class='ocrx_word' id='word_1_211' title='bbox 533 2997 600 3060; x_wconf 88' lang='lat' dir='ltr'><strong>Bar.</strong></span> <span class='ocrx_word' id='word_1_212' title='bbox 616 2994 660 3058; x_wconf 54' lang='lat' dir='ltr'><strong>de*</strong></span> <span class='ocrx_word' id='word_1_213' title='bbox 672 2997 775 3058; x_wconf 85' lang='lat' dir='ltr'><strong>Saints</strong></span> <span class='ocrx_word' id='word_1_214' title='bbox 787 3031 806 3043; x_wconf 95' lang='lat'>-</span> <span class='ocrx_word' id='word_1_215' title='bbox 821 2995 930 3076; x_wconf 73' lang='lat' dir='ltr'><strong>croix,</strong></span> <span class='ocrx_word' id='word_1_216' title='bbox 950 2997 1011 3058; x_wconf 79' lang='lat' dir='ltr'><strong>viri</strong></span> <span class='ocrx_word' id='word_1_217' title='bbox 1024 2999 1203 3077; x_wconf 84' lang='lat' dir='ltr'><strong>venerandi,</strong></span> <span class='ocrx_word' id='word_1_218' title='bbox 1225 2998 1352 3075; x_wconf 90' lang='lat' dir='ltr'><strong>obitum,</strong></span> 
     </span>
     <span class='ocr_line' id='line_1_28' title="bbox 244 3099 1353 3183; baseline 0.001 -23"><span class='ocrx_word' id='word_1_219' title='bbox 244 3117 343 3180; x_wconf 85' lang='lat' dir='ltr'><strong>neque</strong></span> <span class='ocrx_word' id='word_1_220' title='bbox 356 3099 390 3159; x_wconf 89' lang='lat' dir='ltr'><strong>in</strong></span> <span class='ocrx_word' id='word_1_221' title='bbox 397 3099 630 3183; x_wconf 87' lang='lat' dir='ltr'><strong>Britanniapost</strong></span> <span class='ocrx_word' id='word_1_222' title='bbox 648 3101 815 3161; x_wconf 87' lang='lat' dir='ltr'><strong>Gibbonem</strong></span> <span class='ocrx_word' id='word_1_223' title='bbox 826 3100 1051 3183; x_wconf 64' lang='lat' dir='ltr'><strong>victurorum,</strong></span> <span class='ocrx_word' id='word_1_224' title='bbox 1068 3100 1179 3162; x_wconf 84' lang='lat' dir='ltr'><strong>desunt</strong></span> <span class='ocrx_word' id='word_1_225' title='bbox 1196 3101 1249 3160; x_wconf 88' lang='lat' dir='ltr'><strong>alii</strong></span> <span class='ocrx_word' id='word_1_226' title='bbox 1266 3121 1353 3161; x_wconf 87' lang='lat' dir='ltr'><strong>sum-</strong></span> 
     </span>
     <span class='ocr_line' id='line_1_29' title="bbox 243 3201 1353 3286; baseline 0.001 -24"><span class='ocrx_word' id='word_1_227' title='bbox 243 3223 294 3262; x_wconf 89' lang='lat' dir='ltr'><strong>ma</strong></span> <span class='ocrx_word' id='word_1_228' title='bbox 317 3201 455 3263; x_wconf 86' lang='lat' dir='ltr'><strong>doctrina</strong></span> <span class='ocrx_word' id='word_1_229' title='bbox 474 3223 651 3286; x_wconf 86' lang='lat' dir='ltr'><strong>summoque</strong></span> <span class='ocrx_word' id='word_1_230' title='bbox 669 3203 782 3264; x_wconf 91' lang='lat' dir='ltr'><strong>iudicio</strong></span> <span class='ocrx_word' id='word_1_231' title='bbox 797 3201 948 3283; x_wconf 86' lang='lat' dir='ltr'><strong>homines,</strong></span> <span class='ocrx_word' id='word_1_232' title='bbox 968 3203 1003 3264; x_wconf 93' lang='lat' dir='ltr'><strong>iu</strong></span> <span class='ocrx_word' id='word_1_233' title='bbox 1017 3204 1203 3285; x_wconf 83' lang='lat' dir='ltr'><strong>exploranda</strong></span> <span class='ocrx_word' id='word_1_234' title='bbox 1220 3203 1353 3286; x_wconf 84' lang='lat' dir='ltr'><strong>scripto·</strong></span> 
     </span>
     <span class='ocr_line' id='line_1_30' title="bbox 245 3305 1354 3388; baseline 0.001 -21"><span class='ocrx_word' id='word_1_235' title='bbox 245 3323 314 3367; x_wconf 85' lang='lat' dir='ltr'><strong>rum</strong></span> <span class='ocrx_word' id='word_1_236' title='bbox 330 3305 422 3367; x_wconf 89' lang='lat' dir='ltr'><strong>medii</strong></span> <span class='ocrx_word' id='word_1_237' title='bbox 435 3305 502 3366; x_wconf 83' lang='lat' dir='ltr'><strong>aevi</strong></span> <span class='ocrx_word' id='word_1_238' title='bbox 514 3305 575 3367; x_wconf 88' lang='lat' dir='ltr'><strong>fide</strong></span> <span class='ocrx_word' id='word_1_239' title='bbox 589 3305 755 3367; x_wconf 85' lang='lat' dir='ltr'><strong>exercitati.</strong></span> <span class='ocrx_word' id='word_1_240' title='bbox 797 3305 853 3366; x_wconf 88' lang='lat' dir='ltr'><strong>His</strong></span> <span class='ocrx_word' id='word_1_241' title='bbox 870 3325 934 3386; x_wconf 90' lang='lat' dir='ltr'><strong>ego,</strong></span> <span class='ocrx_word' id='word_1_242' title='bbox 955 3307 1112 3367; x_wconf 87' lang='lat' dir='ltr'><strong>transactis</strong></span> <span class='ocrx_word' id='word_1_243' title='bbox 1124 3307 1184 3366; x_wconf 87' lang='lat' dir='ltr'><strong>iam</strong></span> <span class='ocrx_word' id='word_1_244' title='bbox 1200 3307 1354 3388; x_wconf 84' lang='lat' dir='ltr'><strong>meispar-</strong></span> 
     </span>
     <span class='ocr_line' id='line_1_31' title="bbox 244 3407 1353 3488; baseline 0.005 -22"><span class='ocrx_word' id='word_1_245' title='bbox 244 3407 342 3486; x_wconf 91' lang='lat' dir='ltr'><strong>tibus,</strong></span> <span class='ocrx_word' id='word_1_246' title='bbox 366 3409 497 3469; x_wconf 87' lang='lat' dir='ltr'><strong>Leonem</strong></span> <span class='ocrx_word' id='word_1_247' title='bbox 517 3408 662 3471; x_wconf 87' lang='lat' dir='ltr'><strong>historica</strong></span> <span class='ocrx_word' id='word_1_248' title='bbox 680 3408 798 3471; x_wconf 89' lang='lat' dir='ltr'><strong>ratione</strong></span> <span class='ocrx_word' id='word_1_249' title='bbox 818 3408 1047 3487; x_wconf 88' lang='lat' dir='ltr'><strong>illustrandum,</strong></span> <span class='ocrx_word' id='word_1_250' title='bbox 1080 3409 1106 3468; x_wconf 90' lang='lat' dir='ltr'><strong>si</strong></span> <span class='ocrx_word' id='word_1_251' title='bbox 1123 3409 1233 3488; x_wconf 85' lang='lat' dir='ltr'><strong>velint,</strong></span> <span class='ocrx_word' id='word_1_252' title='bbox 1252 3408 1353 3471; x_wconf 70' lang='lat' dir='ltr'><strong>uado.</strong></span> 
     </span>
     <span class='ocr_line' id='line_1_32' title="bbox 245 3503 1352 3591; baseline -0.003 -20"><span class='ocrx_word' id='word_1_253' title='bbox 245 3503 322 3571; x_wconf 82' lang='lat' dir='ltr'><strong>Mihi</strong></span> <span class='ocrx_word' id='word_1_254' title='bbox 343 3511 414 3570; x_wconf 87' lang='lat' dir='ltr'><strong>eatis</strong></span> <span class='ocrx_word' id='word_1_255' title='bbox 437 3510 514 3590; x_wconf 82' lang='lat' dir='ltr'><strong>fuit,</strong></span> <span class='ocrx_word' id='word_1_256' title='bbox 534 3509 691 3573; x_wconf 87' lang='lat' dir='ltr'><strong>materiam</strong></span> <span class='ocrx_word' id='word_1_257' title='bbox 713 3511 792 3590; x_wconf 89' lang='lat' dir='ltr'><strong>illis,</strong></span> <span class='ocrx_word' id='word_1_258' title='bbox 813 3532 875 3572; x_wconf 92' lang='lat' dir='ltr'><strong>nou</strong></span> <span class='ocrx_word' id='word_1_259' title='bbox 894 3509 1049 3590; x_wconf 88' lang='lat' dir='ltr'><strong>indignam</strong></span> <span class='ocrx_word' id='word_1_260' title='bbox 1067 3511 1209 3571; x_wconf 85' lang='lat' dir='ltr'><strong>facultate</strong></span> <span class='ocrx_word' id='word_1_261' title='bbox 1222 3520 1251 3571; x_wconf 90' lang='lat' dir='ltr'><strong>et</strong></span> <span class='ocrx_word' id='word_1_262' title='bbox 1266 3509 1352 3591; x_wconf 90' lang='lat' dir='ltr'><strong>copia</strong></span> 
     </span>
     <span class='ocr_line' id='line_1_33' title="bbox 245 3609 1354 3695; baseline 0.003 -25"><span class='ocrx_word' id='word_1_263' title='bbox 245 3609 396 3692; x_wconf 90' lang='lat' dir='ltr'><strong>ipsorum,</strong></span> <span class='ocrx_word' id='word_1_264' title='bbox 418 3611 581 3691; x_wconf 87' lang='lat' dir='ltr'><strong>subiicere,</strong></span> <span class='ocrx_word' id='word_1_265' title='bbox 603 3614 785 3695; x_wconf 88' lang='lat' dir='ltr'><strong>interimque</strong></span> <span class='ocrx_word' id='word_1_266' title='bbox 798 3615 830 3674; x_wconf 91' lang='lat' dir='ltr'><strong>in</strong></span> <span class='ocrx_word' id='word_1_267' title='bbox 843 3633 933 3695; x_wconf 89' lang='lat' dir='ltr'><strong>opere</strong></span> <span class='ocrx_word' id='word_1_268' title='bbox 948 3613 993 3673; x_wconf 89' lang='lat' dir='ltr'><strong>sic</strong></span> <span class='ocrx_word' id='word_1_269' title='bbox 1003 3613 1133 3690; x_wconf 83' lang='lat' dir='ltr'><strong>versari,</strong></span> <span class='ocrx_word' id='word_1_270' title='bbox 1155 3622 1192 3672; x_wconf 91' lang='lat' dir='ltr'><strong>ut</strong></span> <span class='ocrx_word' id='word_1_271' title='bbox 1207 3613 1354 3694; x_wconf 89' lang='lat' dir='ltr'><strong>quaedam</strong></span> 
     </span>
     <span class='ocr_line' id='line_1_34' title="bbox 247 3713 1354 3800; baseline 0.002 -26"><span class='ocrx_word' id='word_1_272' title='bbox 247 3715 303 3774; x_wconf 89' lang='lat' dir='ltr'><strong>otii</strong></span> <span class='ocrx_word' id='word_1_273' title='bbox 318 3715 377 3775; x_wconf 91' lang='lat' dir='ltr'><strong>mei</strong></span> <span class='ocrx_word' id='word_1_274' title='bbox 397 3723 529 3774; x_wconf 81' lang='lat' dir='ltr'><strong>exstaret</strong></span> <span class='ocrx_word' id='word_1_275' title='bbox 547 3715 624 3776; x_wconf 90' lang='lat' dir='ltr'><strong>ratio</strong></span> <span class='ocrx_word' id='word_1_276' title='bbox 634 3761 643 3794; x_wconf 95' lang='lat'><strong>,</strong></span> <span class='ocrx_word' id='word_1_277' title='bbox 665 3717 794 3800; x_wconf 90' lang='lat' dir='ltr'><strong>indeque</strong></span> <span class='ocrx_word' id='word_1_278' title='bbox 815 3717 934 3778; x_wconf 89' lang='lat' dir='ltr'><strong>litterae</strong></span> <span class='ocrx_word' id='word_1_279' title='bbox 951 3713 1081 3775; x_wconf 88' lang='lat' dir='ltr'><strong>Graecae</strong></span> <span class='ocrx_word' id='word_1_280' title='bbox 1101 3715 1201 3795; x_wconf 86' lang='lat' dir='ltr'><strong>aliqua</strong></span> <span class='ocrx_word' id='word_1_281' title='bbox 1216 3725 1354 3798; x_wconf 82' lang='lat' dir='ltr'><strong>exparte</strong></span> 
     </span>
     <span class='ocr_line' id='line_1_35' title="bbox 178 3817 1355 3900; baseline 0.001 -23"><span class='ocrx_word' id='word_1_282' title='bbox 178 3849 184 3866; x_wconf 82' lang='lat'><strong>·</strong></span> <span class='ocrx_word' id='word_1_283' title='bbox 243 3817 513 3900; x_wconf 87' lang='lat' dir='ltr'><strong>locupletarentur.</strong></span> <span class='ocrx_word' id='word_1_284' title='bbox 554 3817 591 3877; x_wconf 92' lang='lat' dir='ltr'><strong>ld</strong></span> <span class='ocrx_word' id='word_1_285' title='bbox 610 3827 710 3880; x_wconf 93' lang='lat' dir='ltr'><strong>totum</strong></span> <span class='ocrx_word' id='word_1_286' title='bbox 732 3819 892 3880; x_wconf 88' lang='lat' dir='ltr'><strong>consilium</strong></span> <span class='ocrx_word' id='word_1_287' title='bbox 911 3817 1085 3896; x_wconf 85' lang='lat' dir='ltr'><strong>factumque</strong></span> <span class='ocrx_word' id='word_1_288' title='bbox 1103 3838 1203 3880; x_wconf 92' lang='lat' dir='ltr'><strong>meum</strong></span> <span class='ocrx_word' id='word_1_289' title='bbox 1223 3819 1278 3880; x_wconf 90' lang='lat' dir='ltr'><strong>sia</strong></span> <span class='ocrx_word' id='word_1_290' title='bbox 1294 3818 1355 3879; x_wconf 90' lang='lat' dir='ltr'><strong>do·</strong></span> 
     </span>
     <span class='ocr_line' id='line_1_36' title="bbox 244 3919 1354 4004; baseline 0.003 -25"><span class='ocrx_word' id='word_1_291' title='bbox 244 3919 301 3979; x_wconf 91' lang='lat' dir='ltr'><strong>ctis</strong></span> <span class='ocrx_word' id='word_1_292' title='bbox 324 3920 518 4002; x_wconf 87' lang='lat' dir='ltr'><strong>probabitur,</strong></span> <span class='ocrx_word' id='word_1_293' title='bbox 540 3919 628 3980; x_wconf 91' lang='lat' dir='ltr'><strong>nullo</strong></span> <span class='ocrx_word' id='word_1_294' title='bbox 647 3921 707 3983; x_wconf 90' lang='lat' dir='ltr'><strong>alio</strong></span> <span class='ocrx_word' id='word_1_295' title='bbox 730 3921 867 3983; x_wconf 90' lang='lat' dir='ltr'><strong>decorari</strong></span> <span class='ocrx_word' id='word_1_296' title='bbox 881 3919 1015 3982; x_wconf 85' lang='lat' dir='ltr'><strong>laborem</strong></span> <span class='ocrx_word' id='word_1_297' title='bbox 1030 3939 1132 3981; x_wconf 89' lang='lat' dir='ltr'><strong>meum</strong></span> <span class='ocrx_word' id='word_1_298' title='bbox 1145 3922 1279 4004; x_wconf 90' lang='lat' dir='ltr'><strong>praemio</strong></span> <span class='ocrx_word' id='word_1_299' title='bbox 1294 3942 1354 4002; x_wconf 91' lang='lat' dir='ltr'><strong>po-</strong></span> 
     </span>
    </p>
   </div>
   <div class='ocr_carea' id='block_1_8' title="bbox 242 4023 1356 4416">
    <p class='ocr_par' dir='ltr' id='par_1_8' title="bbox 242 4023 1356 4416">
     <span class='ocr_line' id='line_1_37' title="bbox 243 4023 1354 4113; baseline -0.001 -30"><span class='ocrx_word' id='word_1_300' title='bbox 243 4023 345 4102; x_wconf 87' lang='lat' dir='ltr'><strong>stulo,</strong></span> <span class='ocrx_word' id='word_1_301' title='bbox 376 4023 415 4084; x_wconf 88' lang='lat' dir='ltr'><strong>ad</strong></span> <span class='ocrx_word' id='word_1_302' title='bbox 443 4023 578 4103; x_wconf 88' lang='lat' dir='ltr'><strong>aliosque</strong></span> <span class='ocrx_word' id='word_1_303' title='bbox 595 4025 797 4106; x_wconf 84' lang='lat' dir='ltr'><strong>Byzantinos,</strong></span> <span class='ocrx_word' id='word_1_304' title='bbox 826 4023 917 4082; x_wconf 89' lang='lat' dir='ltr'><strong>simili</strong></span> <span class='ocrx_word' id='word_1_305' title='bbox 939 4024 1056 4084; x_wconf 88' lang='lat' dir='ltr'><strong>ratione</strong></span> <span class='ocrx_word' id='word_1_306' title='bbox 1078 4023 1209 4113; x_wconf 72' lang='lat' dir='ltr'><strong>edendos</strong></span> <span class='ocrx_word' id='word_1_307' title='bbox 1216 4070 1225 4103; x_wconf 89' lang='lat'><strong>,</strong></span> <span class='ocrx_word' id='word_1_308' title='bbox 1253 4023 1354 4083; x_wconf 88' lang='lat' dir='ltr'><strong>minus</strong></span> 
     </span>
     <span class='ocr_line' id='line_1_38' title="bbox 242 4125 1353 4210; baseline 0 -25"><span class='ocrx_word' id='word_1_309' title='bbox 242 4127 414 4187; x_wconf 81' lang='lat' dir='ltr'><strong>verecunde</strong></span> <span class='ocrx_word' id='word_1_310' title='bbox 434 4135 687 4209; x_wconf 87' lang='lat' dir='ltr'><strong>cunctanterque,</strong></span> <span class='ocrx_word' id='word_1_311' title='bbox 710 4147 799 4210; x_wconf 88' lang='lat' dir='ltr'><strong>qnam</strong></span> <span class='ocrx_word' id='word_1_312' title='bbox 812 4125 923 4186; x_wconf 70' lang='lat' dir='ltr'><strong>adhuc</strong></span> <span class='ocrx_word' id='word_1_313' title='bbox 945 4126 1022 4207; x_wconf 86' lang='lat' dir='ltr'><strong>secl,</strong></span> <span class='ocrx_word' id='word_1_314' title='bbox 1045 4127 1207 4207; x_wconf 83' lang='lat' dir='ltr'><strong>aggredior.</strong></span> <span class='ocrx_word' id='word_1_315' title='bbox 1249 4125 1353 4185; x_wconf 87' lang='lat' dir='ltr'><strong>liabeo</strong></span> 
     </span>
     <span class='ocr_line' id='line_1_39' title="bbox 244 4227 1355 4313; baseline -0.004 -23"><span class='ocrx_word' id='word_1_316' title='bbox 244 4229 325 4290; x_wconf 85' lang='lat' dir='ltr'><strong>anim</strong></span> <span class='ocrx_word' id='word_1_317' title='bbox 347 4231 433 4312; x_wconf 89' lang='lat' dir='ltr'><strong>prelo</strong></span> <span class='ocrx_word' id='word_1_318' title='bbox 449 4231 510 4290; x_wconf 90' lang='lat' dir='ltr'><strong>iam</strong></span> <span class='ocrx_word' id='word_1_319' title='bbox 528 4230 646 4312; x_wconf 89' lang='lat' dir='ltr'><strong>pridem</strong></span> <span class='ocrx_word' id='word_1_320' title='bbox 667 4239 773 4313; x_wconf 88' lang='lat' dir='ltr'><strong>parata</strong></span> <span class='ocrx_word' id='word_1_321' title='bbox 788 4227 945 4290; x_wconf 77' lang='lat' dir='ltr'><strong>Michaelis</strong></span> <span class='ocrx_word' id='word_1_322' title='bbox 960 4229 1049 4290; x_wconf 86' lang='lat' dir='ltr'><strong>Pselli</strong></span> <span class='ocrx_word' id='word_1_323' title='bbox 1063 4231 1210 4304; x_wconf 79' lang='lat' dir='ltr'><strong>Annales,</strong></span> <span class='ocrx_word' id='word_1_324' title='bbox 1233 4227 1355 4308; x_wconf 86' lang='lat' dir='ltr'><strong>Georgii</strong></span> 
     </span>
     <span class='ocr_line' id='line_1_40' title="bbox 243 4321 1356 4416; baseline -0.005 -22"><span class='ocrx_word' id='word_1_325' title='bbox 243 4329 414 4395; x_wconf 79' lang='lat' dir='ltr'><strong>Humertoli</strong></span> <span class='ocrx_word' id='word_1_326' title='bbox 435 4321 624 4411; x_wconf 86' lang='lat' dir='ltr'><strong>Chronicon,</strong></span> <span class='ocrx_word' id='word_1_327' title='bbox 642 4331 807 4416; x_wconf 89' lang='lat' dir='ltr'><strong>Nicephori</strong></span> <span class='ocrx_word' id='word_1_328' title='bbox 832 4331 981 4412; x_wconf 83' lang='lat' dir='ltr'><strong>Gregorae</strong></span> <span class='ocrx_word' id='word_1_329' title='bbox 999 4333 1093 4396; x_wconf 88' lang='lat' dir='ltr'><strong>libros</strong></span> <span class='ocrx_word' id='word_1_330' title='bbox 1119 4333 1236 4416; x_wconf 88' lang='lat' dir='ltr'><strong>aliquot</strong></span> <span class='ocrx_word' id='word_1_331' title='bbox 1255 4331 1356 4394; x_wconf 89' lang='lat' dir='ltr'><strong>adhuc</strong></span> 
     </span>
    </p>
   </div>
   <div class='ocr_carea' id='block_1_9' title="bbox 0 0 1482 4800">
    <p class='ocr_par' dir='ltr' id='par_1_9' title="bbox 0 0 1482 4800">
     <span class='ocr_line' id='line_1_41' title="bbox 0 0 1482 4800; baseline 0 0"><span class='ocrx_word' id='word_1_332' title='bbox 0 0 1482 4800; x_wconf 95' lang='lat' dir='ltr'><strong> </strong></span> 
     </span>
    </p>
   </div>
  </div>
 </body>
</html>
