3038 4796
278 235 293 267 δ

454 390 514 458 AD
534 391 821 460 NICEPHORUM
839 391 1032 462 PHOCAM.
1196 385 1272 458 363

181 549 406 632 Tuneappositi
417 559 489 611 suut
502 549 647 628 custodes,
662 549 713 630 qui
727 549 802 610 mihi
814 560 844 611 et
858 552 930 612 meis
946 572 963 610 a
975 551 1064 612 domo
1076 571 1141 612 mea
1156 554 1271 615 exitum

180 653 382 735 prohiberent.
402 653 649 731 Latinaelinguse
662 673 816 734 pauperes,
828 655 880 734 qui
887 673 933 713 ms
941 653 1192 733 eleemosynarum
1203 665 1303 734 gra-B

181 755 224 816 tis
237 755 389 832 adierunt,
406 754 688 835 comprehendentes
701 753 888 833 oeciderunt,
902 755 1055 816 custodiae
1067 753 1271 816 tradiderunt:

182 859 389 917 Graeculonon
404 877 512 934 meum,
528 857 559 917 id
573 859 755 917 estGraecae
767 857 886 935 linguae
898 877 1031 936 gnarum,
1043 875 1106 917 ιιοιι
1117 858 1275 938 perruitte-

101 1013 107 1026 ,
180 958 254 1016 hant
267 959 376 1036 egredi,
392 959 496 1018 saltem
511 967 549 1018 ut
562 969 698 1040 sumptus
714 968 833 1036 emeret,
849 960 899 1018 sed
913 979 1018 1020 cocum
1031 960 1129 1020 solum
1144 959 1274 1019 Graecsa

179 1059 454 1139 linguseigusrums
470 1060 522 1142 qui
529 1061 749 1140 nonaignorom
757 1061 858 1140 signis,
865 1062 917 1122 sed
924 1062 1095 1140 digitorum,
1103 1081 1157 1122 seu
1166 1060 1273 1142 capitis

178 1161 301 1222 nutibus
314 1181 384 1221 cum
397 1162 554 1224 venditore
562 1172 679 1244 emptor
689 1163 884 1243 loquebatur3
899 1164 1033 1244 tantique
1047 1164 1177 1228 nummis
1192 1182 1273 1224 eme-

178 1263 230 1322 bat
243 1272 386 1343 quatuor,
409 1265 513 1342 quanti
526 1265 732 1325 Graecolonon
745 1265 901 1326 obsonium
913 1285 983 1326 uno.
1026 1267 1066 1326 Et
1080 1287 1146 1327 cum
1160 1267 1274 1328 amico-

178 1385 245 1426 rum
261 1365 383 1445 quidam
396 1376 543 1443 aromata,
564 1389 671 1448 pones,
692 1367 815 1444 vinum,
837 1389 925 1450 poma
945 1369 1093 1442 mitteret3
1115 1371 1179 1429 solo
1194 1389 1274 1428 cun-

179 1477 227 1526 cta
245 1467 420 1546 fundentes,
441 1471 569 1529 nuncios
589 1469 723 1551 colaphis
747 1472 819 1530 sotis
843 1479 981 1531 oneratos
1003 1472 1192 1531 dimiserunt.
1237 1469 1275 1530 Et

178 1569 239 1630 uisi
260 1569 363 1630 diviua
384 1570 479 1650 pietas
496 1581 630 1651 parasset
648 1571 681 1631 in
706 1581 868 1652 conspectu
893 1593 959 1632 meo
981 1591 1112 1632 mensam
1131 1571 1274 1632 adversus

178 1693 244 1750 eos,
267 1674 317 1752 qui
333 1673 480 1732 tribulant
497 1693 560 1747 me,
580 1673 641 1732 un’a
651 1673 726 1732 mihi
738 1683 842 1755 perata
858 1695 938 1734 mors
955 1675 1032 1734 soret
1046 1683 1177 1754 accepta.
1215 1671 1274 1732 Sed

56 1795 62 1806 ·
178 1775 230 1854 qui
249 1775 385 1856 permisit
406 1775 532 1850 tentari,
555 1775 638 1836 dedit
651 1785 726 1835 tunc
744 1775 977 1836 misericorditer
997 1777 1070 1856 pati.
1119 1775 1275 1835 Huiusce-

177 1878 260 1937 modi
275 1897 322 1938 sue
333 1877 500 1958 periculum
515 1879 646 1938 secundo
660 1879 813 1939 Nonarum
824 1877 902 1937 lunii
918 1897 1010 1956 usque
1024 1877 1064 1938 sd
1079 1888 1194 1938 sextum
1209 1878 1305 1943 llo—c

177 1999 230 2040 nas
245 1979 402 2055 Octobris,
426 1979 684 2062 Constantinopoli
698 1981 803 2041 diebus
820 1979 936 2040 scilicet
953 1989 1073 2038 centum
1085 1979 1193 2059 viginti
1208 1999 1273 2037 ma·

178 2085 301 2143 cesavit.
343 2083 454 2142 Verum
468 2092 503 2142 ut
517 2093 695 2161 augerentur
708 2082 892 2142 calamitates
904 2099 993 2159 meae,
1015 2081 1047 2140 in
1063 2079 1274 2161 Assumptione

177 2187 302 2244 Sanctus
315 2185 369 2244 liei
385 2183 546 2242 Genitricis
567 2194 597 2243 et
612 2185 743 2264 Virginis
765 2183 890 2260 Mariae,
912 2203 978 2242 meo
995 2183 1093 2243 oruiue
1111 2203 1175 2243 non
1194 2184 1274 2242 bono

176 2297 326 2349 venerunt
341 2287 460 2346 Domini
479 2285 658 2365 Apostolici,
681 2295 709 2345 et
722 2285 899 2345 universalis
918 2287 1013 2364 Papae
1029 2284 1148 2344 Ioannis
1168 2281 1274 2378 nuncii

178 2409 245 2450 cum
266 2387 379 2472 literis,
399 2387 506 2467 quibus
525 2387 670 2467 rogabant
689 2387 889 2469 Nicephorum
912 2387 1124 2468 Imperatorem
1141 2386 1274 2446 Graeco·

177 2511 260 2568 rum,
290 2500 325 2550 ut
346 2492 529 2571 parentelam
550 2483 724 2571 firmamque
746 2490 906 2549 amicitiam
936 2491 1048 2550 laceret
1068 2507 1135 2549 cum
1155 2489 1276 2563 dilecto,

177 2593 384 2673 spiritualique
405 2592 469 2652 filio
490 2613 544 2652 suo
564 2595 676 2653 0ttona
698 2595 900 2652 Romanorum
929 2591 1112 2673 Imperatore
1130 2589 1274 2672 Augusto.

118 2705 122 2718 ¹
178 2695 260 2767 Quae
278 2715 356 2767 vox,
378 2715 455 2776 quse
473 2694 630 2776 inscriptio
652 2695 817 2756 secundum
836 2696 966 2756 Graecos
984 2695 1154 2776 peccatrix,
1176 2703 1206 2752 et
1225 2702 1275 2752 ta-

178 2798 319 2874 mersris,
341 2795 491 2877 quomodo
508 2797 633 2857 latorem
649 2817 711 2858 non
727 2797 887 2871 occiderit3
911 2817 966 2857 cur
979 2797 1154 2878 priusquam
1172 2793 1275 2853 laede·

176 2909 279 2976 retur,
301 2919 361 2959 non
379 2901 576 2980 oppresserit,
601 2900 698 2979 quiin
714 2900 781 2958 sliis
796 2899 885 2958 rebus
906 2919 993 2979 saepe
1011 2897 1119 2959 videor
1141 2915 1275 2976 spermo-

177 3003 264 3079 logus
286 3011 315 3060 et
334 3002 528 3080 multisonus,
549 3003 583 3061 in
595 3001 668 3078 hac,
690 3009 725 3060 nt
738 3001 845 3080 piscis,
866 2999 974 3058 videor
989 2999 1122 3060 insonus.
1162 2997 1305 3062 Obiur-1)

175 3105 284 3182 gabant
303 3103 410 3164 Graeci
426 3123 524 3182 mare,
542 3103 786 3184 imprecabantur
807 3101 945 3181 aequori,
971 3102 1041 3182 plus
1059 3103 1139 3162 iusto
1162 3103 1272 3160 miran-

174 3216 237 3284 tes,
259 3227 314 3267 cur
332 3217 488 3288 peccatum
512 3206 590 3266 illud
610 3216 730 3289 portare
752 3203 902 3286 potuerit,
925 3225 979 3263 cur
992 3206 1101 3264 fretum
1118 3203 1272 3263 dehiscens

175 3311 274 3370 navim
296 3331 359 3370 uon
383 3309 581 3370 obsorbuarit.
630 3311 859 3390 imperatorem,
887 3305 1046 3386 inquiunt,
1073 3307 1270 3366 universalem

174 3415 393 3488 Romanorum,
415 3414 591 3491 Augustum,
612 3431 770 3490 magnum,
790 3409 888 3470 solum
901 3409 1103 3488 Niceplnrum
1117 3407 1272 3487 scripsisse

177 3517 373 3593 Graecorum,
394 3514 544 3574 hominem
565 3513 719 3592 quemdam
741 3513 919 3606 barborum,
941 3529 1102 3592 pauperem
1118 3513 1272 3571 Romano·

176 3637 244 3678 aum
263 3637 324 3677 non
346 3617 450 3699 piguit.
495 3619 521 3678 0
545 3618 677 3693 caelum,
699 3639 717 3676 o
738 3625 835 3692 terra,
865 3637 883 3674 o
905 3616 1002 3674 mare!
1032 3614 1090 3674 Sed
1112 3611 1201 3695 quid,
1222 3613 1272 3672 in-

176 3719 299 3800 quiunt,
322 3719 463 3782 sociemus
479 3719 651 3780 homiuibus
667 3717 732 3777 istis
745 3718 915 3796 sceleratis,
939 3715 1113 3778 criminosis.
1155 3718 1273 3797 Paupe.

174 3841 223 3881 res
239 3829 326 3898 suut,
348 3823 417 3882 stoi
435 3830 484 3882 'eos
502 3824 684 3898 occidimus,
707 3841 812 3880 monus
831 3831 949 3882 nostras
968 3819 1110 3900 sanguine
1127 3818 1182 3879 vili
1198 3819 1274 3898 pol-

174 3925 299 4002 luimus3
322 3915 449 4005 pannosi
462 3937 546 4003 sunt,
569 3925 647 3988 servi
662 3933 746 4000 aunt,
768 3924 873 3984 rustici
887 3921 973 3998 sunt}
996 3925 1021 3982 si
1033 3943 1082 3982 eos
1093 3922 1275 4006 flagellemus

173 4046 235 4086 non
248 4025 340 4107 ipsos,
353 4025 469 4086 aeduos
482 4027 706 4100 dedecoramus,
724 4030 773 4107 qui
782 4029 975 4087 necllomaos
992 4025 1106 4085 scutica
1121 4021 1285 4101 deaurata,

172 4147 229 4187 nec
247 4127 420 4188 huiusmodi
436 4138 511 4189 sunt
530 4131 671 4190 crucibus
690 4131 782 4210 digni.
826 4130 853 4189 0
873 4129 991 4190 utinam
1003 4129 1079 4189 altor
1098 4128 1308 4210 Episcopus,tt

173 4231 392 4292 slterhlstchio
408 4233 617 4296 conmaculata
637 4234 716 4293 enim
729 4233 789 4294 suti
801 4241 870 4316 post
883 4212 1171 4312 acerbos'virgarum
1188 4230 1286 4306 ictus,¹

128 4317 131 4322 ¹
172 4341 242 4414 post
258 4333 366 4395 bachae
388 4355 441 4395 seu
468 4335 647 4417 capillorum
662 4337 904 4422 distractionem,
925 4337 959 4396 iu
975 4353 1057 4398 mare
1070 4333 1276 4413 demergeren-
