3058 4808
434 393 667 462 urcunnoni
686 381 861 465 rnocnn
883 396 976 464 cen.
996 395 1068 464 xx
1215 387 1289 461 ιιι
1354 363 1356 366 ’

199 587 315 628 σονται.
358 561 409 625 καὶ
430 555 549 624 τοότων
569 555 668 634 οδτως
692 557 873 644 γινομένων,
908 558 945 626 οὗ
966 557 1062 643 μόνον
1082 557 1139 635 τάς
1162 561 1241 637 ἰδίας
1262 563 1294 628 οἳ

199 663 280 751 διγιοι
294 661 382 748 ἡμῶν
404 667 540 745 βασιλεῖς
559 658 751 747 ἐκδικήσουσι
765 659 888 750 χώρας,
915 661 996 728 ἀλλὰ
1016 665 1069 729 καὶ
1084 658 1190 750 ἑτέρας
1209 666 1293 730 πλεί-

199 792 276 844 στας
289 773 352 832 τῶν
364 766 517 847 πολεμίων
527 761 806 842 καθυποτάξουσιν.
1294 787 1320 839 1)

200 932 286 986 ΚΕΦ.
302 923 337 983 ν’.
370 926 440 996 Περὶ
454 925 510 981 τῶν
523 921 733 996 ἕγχρονιζόνευν
745 925 885 998 πολεμίων
894 923 966 983 κατά
978 929 1028 998 τῆς
1037 923 1128 996 χώρας
1141 920 1228 998 ἡμῶν,
1246 927 1294 985 ἵνα

362 1011 378 1069 δ
392 1008 522 1083 ἡμέτερος
534 1011 649 1084 στρατός
660 1010 732 1070 κατά
746 1015 796 1083 τῆς
811 1010 902 1084 χώρας
915 1009 1009 1069 αότῶν
1022 1009 1136 1086 ἐπέλθῃ.

278 1116 352 1190 Τῶν
370 1108 523 1210 πολεμίων
535 1123 612 1209 μετά
629 1121 764 1212 μεγάλης
779 1127 829 1189 καὶ
843 1125 970 1212 βαρείας
986 1121 1143 1207 δυνάμεως
1161 1123 1217 1202 τάς
1229 1122 1294 1210 χῶ-

176 1237 259 1316 5ρας
280 1223 368 1310 ἡμῶν
395 1225 656 1316 περιπολοόντων,
686 1225 887 1314 ἔκτριβόντων
913 1253 964 1308 τε,
998 1231 1048 1292 καὶ
1072 1225 1290 1313 ἀφανιζόντων,
1309 1248 1341 1301 Ρ.
1360 1249 1409 1305 155

199 1333 251 1396 καλ
268 1332 444 1416 πολιορκίας
465 1327 606 1417 κάστρων
623 1327 883 1414 διαμελετῶντων·
911 1331 1148 1418 φυλαττομένων
1164 1331 1214 1411 δὲ,
1238 1337 1295 1397 τοῦ

198 1433 243 1516 μὴ
260 1431 344 1518 παρὰ
359 1439 422 1499 τῶν
432 1429 608 1516 Ῥωμαϊκῶν
622 1431 859 1520 στρατευμάτων
872 1433 1086 1518 ἐνεδρευθῆναι
1093 1482 1103 1513 ,
1121 1431 1199 1498 ἀλλὰ
1213 1441 1297 1518 μῶλ-

199 1541 255 1600 λον
272 1535 385 1612 αότοδς
407 1537 578 1623 ἐνεδρεῦσαι
591 1537 836 1620 μηχανωμένων·
863 1538 889 1601 εί
907 1535 950 1619 μὴ
974 1533 1131 1620 ἀξιόλογος
1144 1532 1296 1622 Ῥωμαϊκὴ

201 1635 331 1719 δόναμις
352 1641 393 1714 είς
409 1635 647 1724 ἀντιπαράταξιν
667 1636 785 1704 τούτων
807 1639 888 1718 ἐστί,
918 1639 1070 1720 δυναμένη
1093 1635 1222 1714 τούτους
1239 1625 1300 1704 κάξ

89 1745 96 1766 ¹
157 1741 449 1833 1οταγωνίσασθαι·
476 1747 569 1806 τοῦτο
585 1744 694 1822 δεῖσε,
724 1733 931 1827 ῶστρατηγί,
956 1725 1199 1825 διαπράξασθαι,
1222 1739 1296 1828 ὅπερ

201 1847 252 1908 καὶ
271 1845 302 1906 ἓν
318 1853 382 1920 τοῖς
400 1842 463 1909 ἀνω
483 1840 608 1932 χρόνοις
628 1843 747 1928 γίγονε,
775 1839 918 1926 καθῶςῆ
935 1849 1116 1906 συντεθεῖσα
1130 1867 1296 1930 στρατηγι-

201 1945 239 2031 κὴ
256 1947 366 2029 βίβλος
386 1944 472 2033 παρά
495 1953 550 2012 τοῦ
572 1945 713 2028 ἀοιδίμου
729 1947 780 2010 καί
793 1943 976 2032 σοφωτάτου
989 1945 1141 2026 βασιλέως
1156 1947 1298 2022 Λίοντος

201 2045 413 2132 διαλαμβάνει.
454 2038 476 2136 ᾖ
498 2051 549 2115 καὶ
566 2049 596 2114 οἱ
610 2045 783 2132 ἐντυχόντες
797 2055 906 2136 σαφῶς
921 2047 961 2112 τά
975 2049 1042 2134 περὶ
1064 2052 1126 2113 τῶν
1142 2051 1297 2132 λεχθησο-

122 2167 127 2176 ’
200 2150 302 2234 μένων
321 2153 506 2216 ἐπίστανται.
554 2151 591 2218 τό
611 2150 671 2238 γὰρ
692 2150 763 2215 κατ’
788 2151 882 2214 ἐκεῖνο
904 2156 1012 2237 καιροῦ
1037 2145 1063 2214 δ’
1078 2153 1141 2215 τῶν
1161 2153 1324 2217 ΚιλίκωνΒ

159 2251 287 2330 λδάπας
308 2253 383 2328 λαός
398 2253 476 2336 μετά
490 2256 618 2340 βαρείας
639 2251 794 2336 δυνάμεως
811 2253 890 2317 κατὰ
904 2259 961 2318 τοῦ
982 2251 1120 2330 θεάματος
1136 2257 1198 2318 τῶν
1209 2253 1299 2319 {evae

201 2361 332 2421 τολικῶν
347 2355 480 2433 ἐξελθὼν
485 2405 497 2438 ,
517 2359 568 2421 καί
583 2356 618 2421 τό
632 2353 765 2442 κάστρον
780 2355 941 2430 Μισθείας
954 2357 1099 2442 σφοδρῶς
1111 2361 1296 2442 πολιορκῶν,

203 2465 247 2547 τῷ
261 2466 427 2542 τηνικαῦτα
442 2457 566 2548 ἀρχηγῷ
580 2464 635 2524 τοῦ
651 2463 786 2545 στρατοῦ
803 2455 818 2523 ὃ
833 2453 1004 2540 βασιλεύων
1019 2457 1205 2546 προστίταχε
1214 2509 1223 2539 ,
1240 2487 1298 2542 με·
1330 2444 1332 2452 ¹

204 2561 244 2625 τδι
258 2569 320 2626 τῶν
333 2557 480 2643 θεμάτων
494 2563 544 2626 καλ
558 2558 722 2646 ταγμάτων
736 2559 816 2625 κατά
829 2567 884 2645 τῆς
898 2562 1100 2626 τῶνΚιλίκων
1108 2558 1215 2648 χώρας
1230 2544 1295 2627 ἒιτι-Ι
1306 2575 1357 2634 Εὀῐ.
1369 2577 1418 2638 401
1437 2600 1458 2636 r,

205 2671 408 2750 στρατεῢσαι·
436 2661 491 2730 δόο
509 2665 542 2729 δὲ
558 2671 619 2730 τῶν
633 2669 830 2751 στρατηγῶν,
849 2669 905 2728 τοῦ
918 2688 950 2728 τε
961 2661 1159 2729 Ἀνατολικοῦ
1175 2667 1226 2730 καί
1244 2673 1300 2733 τοῦ

157 2765 345 2851 ἱῦὈψικίου
353 2816 364 2848 ,
391 2763 610 2833 ἀπολείπεσθαι
618 2813 628 2846 ,
656 2773 713 2832 τοῦ
735 2765 813 2853 πρὸς
829 2766 997 2851 ἐκδίκησιν,
1025 2761 1067 2842 ῶς
1082 2763 1148 2832 οἷόν
1163 2793 1213 2850 τε,
1244 2777 1301 2834 τοῦ
1344 2823 1345 2828 ,
1409 2762 1414 2780 ’

273 2913 299 2968 5.
326 2907 559 2980 περιπολοόντων.
584 2911 656 2965 Fert.
673 2908 900 2978 πυρπολσόντσν.
962 2910 1004 2966 13.
1025 2909 1215 2984 διαλαμβάνει.
1239 2913 1300 2968 Vid.

274 2982 369 3036 Leonis
385 2981 489 3033 Tactic.
509 2981 577 3033 iuter
600 2981 669 3050 opp.
692 2981 789 3035 Meura.
810 2979 874 3036 edit.
890 2977 981 3043 uani,
999 2979 1044 3034 vi.
1061 2982 1120 3038 775.
1137 2981 1168 3035 Β.
1186 2990 1213 3037 et
1229 2982 1301 3038 (λοπι-

275 3050 384 3104 etuntIni
397 3051 477 3104 Tam
493 3050 556 3103 ibid.
573 3051 647 3106 1375·
665 3051 698 3104 C.

205 3186 244 3240 ita
257 3187 420 3251 conutitutis,
441 3185 522 3240 sancti
540 3185 713 3256 Imperatores
723 3187 805 3242 nostri
816 3203 867 3240 non
879 3183 954 3242 modo
966 3201 1024 3240 enee
1034 3185 1178 3255 provinciae
1192 3187 1300 3242 tuebun-

207 3261 258 3321 tur,
274 3255 451 3310 verumetiam
464 3255 528 3312 alias
540 3257 669 3326 plurimus,
682 3275 748 3330 quae
758 3259 875 3312 hostibus
888 3257 1079 3327 obtemperant,
1095 3257 1145 3310 eibi
1155 3257 1301 3316 subiicient.

207 3397 269 3449 Car.
285 3395 342 3448 XX.
376 3397 413 3448 De
427 3397 587 3458 adversariis,
604 3399 625 3448 el
638 3397 731 3468 ‘diutius
745 3399 769 3447 in
789 3399 887 3461 regione
898 3402 980 3446 nostra
992 3399 1126 3455 morantur,
1143 3399 1170 3446 ut
1182 3398 1300 3447 exercitur

532 3473 615 3518 uerter
634 3469 658 3518 in
678 3471 772 3518 illorum
789 3467 847 3516 linea
860 3470 976 3514 tranaeat

276 3564 354 3628 Quod
373 3565 396 3618 ai
418 3567 505 3620 hortea
516 3585 572 3622 οστσ
595 3585 686 3638 magno
705 3565 831 3637 gravique
843 3565 957 3619 exercitu
971 3562 1116 3634 provinciae
1128 3565 1237 3629 obeant,
1256 3583 1303 3618 ve·

206 3641 284 3698 aeut,
303 3633 450 3688 exinaniunt
460 3642 576 3701 αοελεατ,
592 3638 752 3691 obsessiones
772 3635 923 3704 oppidorum
938 3635 1025 3687 facere
1039 3633 1066 3686 in
1084 3634 1166 3686 animo
1181 3635 1303 3700 habeant,

207 3711 368 3771 caveamque
385 3712 534 3773 praeterea,
552 3723 585 3759 ne
605 3707 637 3760 ab
658 3706 774 3759 exercitu
788 3705 901 3758 Romano
920 3703 1021 3756 inridiie
1046 3711 1184 3772 petantur,
1199 3703 1303 3773 ipsique

208 3772 294 3842 petina
314 3772 348 3824 ad
365 3773 497 3826 faciendae
514 3774 553 3828 illi
575 3775 683 3828 inaidiae
697 3774 790 3827 intenti
801 3773 868 3826 uinta
886 3773 909 3824 ai
922 3789 973 3825 non
986 3772 1096 3824 idoneae
1108 3772 1199 3840 copiae
1212 3773 1245 3824 ad
1258 3789 1304 3825 ca-

208 3847 264 3893 ntra
280 3850 370 3894 eontm
389 3842 510 3896 iacienda
528 3850 680 3914 suppetant,
697 3860 763 3912 quaa
777 3842 872 3912 pellere
884 3859 929 3894 eoa
940 3841 1051 3911 poeainta
1069 3841 1132 3893 illud
1149 3849 1176 3894 te
1190 3859 1205 3894 ο
1225 3847 1303 3904 ortet,

208 3927 225 3962 ο
237 3909 298 3976 dux,
312 3911 425 3981 exsequi,
438 3912 506 3980 quod
518 3913 586 3966 idem
598 3914 732 3982 superiore
744 3911 863 3964 memoria
874 3911 969 3963 factum
980 3916 1029 3974 eat,
1041 3909 1111 3962 aient
1123 3910 1187 3963 liber
1199 3857 1305 3962 ἀεσιοιι-

209 3984 289 4042 atnt,
306 3995 380 4048 quem
397 3979 431 4031 de
447 3980 521 4034 (lucia
533 3982 619 4036 officio
636 3983 706 4043 heo,
722 3981 868 4034 celebratae
880 3978 1016 4034 memoriae
1027 3979 1220 4047 sapientiaeque
1229 3978 1305 4062 prin·

209 4061 288 4116 equ,
304 4049 423 4102 eonlecit
460 4049 544 4112 Quem
559 4051 604 4120 qui
623 4050 749 4119 legerint,
769 4049 902 4118 praeclara
923 4065 992 4118 quae
1014 4047 1110 4100 dicturi
1127 4065 1211 4101 aurnua
1227 4046 1306 4100 intel-

208 4115 301 4184 ligent.
342 4117 389 4169 Illo
405 4117 472 4170 enirn
492 4127 619 4188 ternpore,
643 4135 699 4171 eum
716 4126 772 4172 tuta
789 4117 898 4170 Cilicum
920 4135 983 4186 gena
995 4115 1112 4170 maximia
1130 4117 1213 4187 copiia
1226 4115 1306 4169 effer·

132 4219 136 4224 -
208 4184 309 4237 buiteet
326 4183 355 4237 in
376 4185 532 4255 provinciam
544 4189 717 4251 orientalem,
735 4187 915 4254 castellumque
933 4186 1062 4238 Mietheae
1074 4201 1168 4238 sunnia
1182 4185 1210 4238 vi
1223 4201 1307 4254 oppu-

262 4261 317 4316 ret,
335 4254 360 4306 ei
371 4254 415 4324 qui
428 4261 489 4308 tunc
501 4258 627 4310 exercitui
637 4265 759 4326 praeerat
771 4255 901 4308 mandavit
913 4255 1070 4325 imperator,
1087 4260 1117 4306 ut
1128 4270 1185 4305 curn
1196 4253 1307 4306 latercu-

220 4324 243 4373 ia
260 4323 423 4391 numerisque
435 4325 462 4376 in
477 4324 585 4378 Cilicum
595 4327 660 4378 fines
672 4345 701 4379 ae
715 4326 838 4379 interrete
855 4323 921 4376 ‹luua
931 4331 1017 4376 autern
1028 4323 1122 4384 duces,
1139 4321 1266 4374 Anatolici
1279 4325 1308 4372 et

211 4390 332 4462 Opaieii,
350 4401 409 4460 poet
426 4410 455 4445 re
467 4393 638 4466 refinqiereq
655 4396 700 4466 qui
710 4394 745 4448 ad
761 4394 915 4448 renaudum
925 4409 972 4462 pro
985 4393 1109 4448 fucultate
1121 4389 1252 4444 cartallum
1265 4403 1308 4442 re-

282 4475 335 4529 lare
353 4477 493 4532 Diaconur.
815 4519 818 4526 .
1063 4467 1104 4526 16
