3038 4796
127 401 134 414 ·
250 381 310 450 on
329 375 486 446 nxenn.
507 315 700 446 sun-nc.
722 374 852 444 enoc.
872 374 934 468 nn
956 375 1013 444 10.
1028 379 1155 449 nent.
1204 372 1280 446 eso

176 540 293 625 gladios
314 539 511 600 strinxerunt.
553 535 745 618 Nicephorus
762 534 926 612 Arabibus,
947 536 999 617 qui
1012 537 1127 615 gladios
1141 540 1281 602 strinxe-

175 658 263 719 rant,
287 643 400 720 iratus,
419 643 483 709 400
501 641 585 702 viros
609 651 640 702 et
655 644 792 704 mulieres
812 632 924 702 multis
946 639 1065 702 occidit.
1110 639 1189 713 Quia
1201 642 1280 702 ieiu-

176 749 263 811 nium
291 745 545 827 quadragesimale
566 746 877 826 appropinquaverut,
909 740 1098 822 Nicephorus
1119 763 1190 802 casm
1218 745 1280 807 auis

177 847 457 924 consternauit,
485 855 557 928 post
573 848 666 909 festos
688 848 751 908 dies
774 847 938 909 rediturus.
981 843 1133 904 Tarsensis
1148 843 1281 906 Arabum

177 953 261 1029 dux,
283 952 397 1012 coactis
411 951 513 1027 4000,
535 951 658 1013 adortus
672 952 824 1010 Romanos
841 949 944 1012 victus
958 957 989 1006 et
1001 967 1065 1006 non
1078 947 1142 1027 ipse
1152 953 1283 1028 tentum,

177 1056 231 1116 sed
248 1073 351 1114 omnes
371 1053 460 1114 etiam
480 1051 593 1114 arabes
610 1063 640 1114 st
657 1055 751 1115 trater
771 1071 891 1134 quoque
907 1048 1060 1110 Tarsensis
1081 1050 1182 1128 dune,
1204 1051 1281 1112 Bar-

177 1157 301 1234 Rabsbi,
322 1156 414 1218 occisi
426 1165 504 1217 sunt.
534 1157 669 1234 Romani,
683 1156 793 1216 iterum
807 1155 941 1216 Cilicium
957 1153 1098 1232 ingressi,
1122 1164 1281 1233 expugna-

177 1271 252 1323 runt
273 1281 374 1322 arcem
391 1259 444 1318 ziz
464 1269 495 1318 et
510 1259 660 1340 praesidio
683 1277 746 1317 non
766 1257 948 1332 citantem,
979 1256 1033 1314 aed
1050 1256 1173 1336 reliquie
1192 1257 1282 1316 etium

178 1363 298 1424 arcibus
316 1361 477 1442 imposito,
499 1361 630 1442 profecti
649 1369 719 1420 sunt
737 1361 895 1421 Halebum.
939 1359 1091 1440 Opposuit
1102 1379 1134 1418 se
1148 1357 1282 1439 Siphod·
1396 1359 1400 1371 “

178 1463 269 1524 daula
283 1463 438 1540 Romanis,
456 1464 510 1524 sed
523 1465 624 1525 victus
638 1472 692 1524 est
727 1463 906 1524 Ceciderunt
918 1463 1006 1522 etiam
1017 1481 1120 1548 omnes
1133 1463 1283 1522 Hsmdsni

177 1566 236 1628 filii
264 1575 294 1626 et
320 1567 389 1646 ipss
413 1566 618 1649 Siphoddaula
644 1567 845 1646 campaneis
873 1576 993 1628 tantum
1020 1567 1144 1626 'onmem
1170 1565 1284 1645 effugit.

178 1668 301 1748 Subagit
313 1669 501 1730 Domesticus
514 1669 614 1730 aulam
627 1669 698 1746 eius,
715 1687 790 1748 quae
803 1679 889 1752 extra
902 1671 988 1732 urbis
1001 1687 1121 1729 murum
1135 1669 1192 1728 sita
1209 1679 1283 1746 erat,

178 1774 215 1833 ab
230 1793 323 1852 esque
336 1781 400 1832 non
412 1781 532 1832 tantum
546 1777 611 1840 390
629 1772 869 1852 argenti'tslsnta
876 1818 886 1851 ,
908 1772 961 1832 sad
979 1771 1069 1834 etiam
1083 1771 1168 1850 2400
1182 1773 1283 1832 mutos

180 1883 211 1935 et
231 1895 383 1936 armorum
402 1875 558 1935 infinitum
580 1876 739 1936 numerum
758 1875 865 1964 peregit
909 1875 987 1938 Aula
1008 1876 1148 1953 incensa,
1177 1875 1284 1936 urbam

177 1977 274 2058 ipsam
290 1978 493 2058 oppugrmvit,
515 1978 549 2038 in
571 1977 657 2037 euius
671 1995 757 2038 muro
771 1995 865 2057 quum
878 1985 1050 2056 aperturam
1064 1977 1201 2054 fecisset,
1220 1979 1284 2040 Ro-

176 2080 260 2141 mani
271 2079 449 2158 uunsgrssai
465 2079 550 2140 caedi
566 2095 630 2140 non
647 2081 734 2160 prius
748 2079 840 2140 finem
853 2079 1005 2156 fecerunt,
1028 2099 1116 2159 quam
1132 2078 1284 2159 defatigati

177 2193 272 2248 erant.
315 2184 501 2244 Invenerunt
513 2183 548 2242 in
565 2204 599 2242 es
611 2188 705 2260 11200
711 2183 868 2241 Romanos
882 2173 1019 2260 vinctos,
1044 2203 1119 2262 quos
1138 2183 1172 2242 in
1186 2183 1283 2242 liher-

176 2295 270 2347 tatem
289 2286 496 2349 restituerunt.
546 2287 620 2346 Plus
636 2301 725 2364 quam
746 2285 862 2361 10‚000
879 2301 1044 2364 puerorum
1063 2294 1096 2344 et
1113 2285 1283 2366 puellarum

179 2389 373 2450 abduxerunt
388 2399 419 2448 et
431 2388 696 2470 praedaetantum,
709 2396 821 2467 quanto
838 2383 962 2446 serendo
971 2407 1058 2468 pares
1073 2395 1167 2465 erant,
1177 2407 1286 2468 aspor-

177 2501 290 2555 tarunt.
334 2491 425 2566 Quod
445 2491 597 2570 reliquum
617 2497 695 2567 erat,
719 2485 957 2552 combusserunt.
999 2489 1184 2550 Invenerunt
1201 2491 1286 2550 lacus
1386 2507 1388 2512 ·

179 2595 248 2657 oleo
269 2595 418 2656 olivarum
437 2595 563 2675 plenos,
586 2613 662 2672 quos
683 2613 760 2673 aqua
776 2593 996 2673 impleverunt,
1017 2601 1055 2652 ut
1075 2593 1173 2652 oleum
1198 2612 1286 2654 omne

181 2707 390 2778 supernataret
404 2707 438 2757 et
449 2696 558 2758 deinde
572 2693 604 2754 in
618 2705 729 2757 terram
742 2693 869 2756 effusum
885 2704 1135 2774 corrumperetur.
1162 2691 1286 2777 Templa

182 2807 373 2877 evertenurt,
395 2801 504 2880 quihus
516 2799 704 2860 destruendis
719 2800 848 2860 Romani
861 2817 971 2859 novem
984 2795 1047 2856 dies
1067 2797 1286 2871 absumsenmt,

181 2903 285 2977 Quum
306 2901 340 2961 in
354 2918 389 2962 eo
401 2913 510 2979 essent,
530 2911 563 2962 ut
577 2901 712 2980 abirent,
738 2905 854 2965 obstitit
866 2906 977 2966 sororis
990 2903 1073 2964 filius
1084 2906 1162 2984 regis
1174 2907 1288 2966 Roma·

179 3006 224 3085 ni,
246 3005 450 3087 Nicephorum
465 3005 499 3066 isi
510 3006 624 3066 bellum
641 2997 771 3084 secutus,
794 3008 882 3082 „Non
897 3007 1081 3070 discedimus
1089 3013 1116 3084 ,”
1138 3009 1286 3088 inquiens,

181 3109 300 3189 „donec
313 3129 411 3170 urcem
424 3111 656 3192 aperuerimus.”
677 3109 874 3191 Nicephorua,
883 3112 934 3190 qui
942 3110 1094 3170 adversari
1102 3101 1164 3172 non
1176 3123 1287 3192 posset,

182 3215 279 3294 „En‚''
301 3215 407 3292 aiebat,
429 3235 505 3293 „ara
516 3224 586 3276 ante
598 3223 629 3275 te
645 3224 704 3293 est5
727 3215 785 3292 abi,
800 3225 835 3290 ut
848 3210 981 3296 capias.’'
1008 3212 1067 3272 Hic
1081 3214 1158 3292 regis
1174 3215 1286 3274 sororis

180 3318 263 3378 filius
275 3318 331 3379 vix
342 3319 420 3378 arcis
432 3328 538 3400 portae
550 3318 855 3400 appropinquaverat,
870 3315 1044 3396 quunrquia
1054 3313 1132 3395 lepis
1145 3335 1185 3375 ex
1198 3336 1287 3396 aper-

182 3430 253 3482 tura
266 3441 357 3502 super
372 3422 448 3482 arcia
462 3430 552 3503 portu
564 3431 668 3482 contra
681 3421 769 3481 illurn
782 3419 935 3501 proiectus
952 3417 1033 3500 apud
1044 3439 1113 3478 eum
1125 3418 1286 3496 deciderat,
1335 3409 1340 3416 ⁸

183 3541 287 3585 aversa
299 3523 377 3583 facie
391 3524 479 3603 fugit.
521 3527 599 3586 Tum
614 3533 717 3608 apertu
730 3533 818 3607 porta
832 3520 988 3582 Dailamita
1004 3521 1142 3601 quidem,
1163 3521 1287 3582 nomine

182 3627 312 3704 Barcha,
334 3627 497 3708 fugientem
513 3637 642 3706 secutus,
663 3629 780 3689 hastam
795 3631 876 3687 inter
888 3625 1030 3704 humeros
1047 3626 1108 3686 sius
1119 3627 1163 3686 ita
1177 3625 1288 3705 adegit,

182 3741 218 3792 ut
232 3753 287 3812 per
306 3741 413 3812 pectus
427 3731 538 3809 exiret,
563 3741 594 3792 et
607 3731 667 3793 hoc
683 3732 776 3792 modo'
788 3729 948 3792 interemit.
990 3729 1114 3790 Reversi
1135 3729 1197 3789 eius
1213 3727 1296 3788 socii

183 3835 311 3894 cadaver
324 3835 362 3894 ad
377 3834 582 3916 Nicephorum
593 3837 780 3911 retulerunt,
801 3835 855 3915 qui
873 3841 999 3902 mortam
1013 3831 1070 3892 filii
1084 3831 1196 3891 sororis
1208 3830 1288 3909 regia

182 3937 303 3998 ulturus
325 3942 408 4005 1200
428 3937 597 4017 drsbibus,
630 3939 681 4018 qui
703 3938 801 4001 vincti
824 3935 906 4019 apud
935 3953 1003 3995 enm
1031 3934 1288 4011 custodiebantur,

183 4040 283 4120 capita
301 4041 438 4124 abscindi
458 4042 547 4104 iussit
554 4067 564 4123 ;
593 4064 652 4124 quo
674 4044 755 4102 iacto
777 4041 809 4102 in
831 4038 940 4102 terrani
963 4039 1165 4098 Romanorum
1189 4036 1288 4097 rediit.
1309 4025 1313 4039 ’

73 4195 78 4203 .
182 4142 219 4202 lu
236 4142 312 4204 vicis
333 4143 440 4206 Halebi
462 4145 585 4208 omnino
597 4146 676 4208 nihil
691 4144 845 4226 corrupit,
867 4145 928 4204 imo
950 4151 1077 4223 agrestes
1097 4142 1142 4201 ita
1154 4161 1291 4202 commo-

182 4245 269 4306 nuit:
291 4247 357 4324 „Ne
378 4259 490 4312 cessate
511 4251 548 4312 sb
567 4251 780 4330 agricolatione
787 4271 796 4327 5
819 4269 888 4309 nam
908 4255 1013 4308 nostra
1036 4254 1081 4306 est
1097 4245 1173 4305 haec
1193 4253 1289 4322 terra3

183 4345 270 4413 brevi
294 4351 335 4413 ad
356 4371 412 4418 vos
438 4353 634 4417 redibimus.'’
684 4353 756 4416 Hoc
777 4361 912 4436 tempore
931 4349 1042 4412 iterum
1065 4347 1149 4411 mille
1174 4345 1290 4430 pedites
