2984 4798
216 345 219 354 ’
308 345 385 423 656
548 359 589 429 N.
608 357 655 426 Μ.
676 352 879 426 FOGGINII
899 354 1247 426 ADNOTATIONES

306 517 342 578 in
355 515 511 579 scribendo
522 515 698 578 confuderit
711 513 815 594 Itnquc
822 513 951 594 aliquem
962 513 1251 594 potimversicnlum
1260 515 1379 578 interme.

205 609 292 668 cote
309 603 393 663 dium
409 601 539 663 omisisse
556 602 674 662 malime
690 599 771 679 quod
785 601 901 658 facilius
914 599 1033 659 evenire
1047 599 1131 661 solet.
1159 601 1250 662 Porro
1267 621 1329 661 cum
1341 603 1381 661 lu·

303 689 366 750 iius
382 689 486 747 Caesar
505 689 537 746 in
550 687 638 747 Curia
652 685 794 766 Pompeii,
809 685 858 744 ubi
876 685 1015 744 Senatum
1033 694 1178 762 coegerat,
1195 687 1312 746 aBruto
1325 697 1381 746 aute

305 773 437 833 eiusdem
452 773 583 852 Pompeii
601 781 729 831 statuam
749 769 839 829 fuerit
856 768 1014 848 perfidiose
1029 771 1195 847 confossus,
1215 771 1381 832 verisimilli-
1450 793 1451 820 i

304 877 388 920 mum
403 877 465 917 esse
485 857 616 932 videtur,
633 855 832 915 Theodosium
846 853 935 914 huius
949 853 993 912 rei
1015 854 1181 914 meminisse
1187 899 1196 931 ,
1218 856 1288 916 adeo
1301 855 1381 916 ntdi·

304 943 393 1018 xcrit,
416 941 497 1022 quod
512 943 622 1002 Brutus
638 941 769 1018 Pompeii
781 939 916 998 manibus
930 939 1028 1014 litans,
1051 941 1181 999 Caesaris
1194 943 1326 1019 sanguina
1336 959 1382 1020 pn·
1450 943 1451 948 ’

303 1027 421 1106 gionem
443 1027 581 1102 tinxerit,
603 1027 652 1086 vel
676 1025 750 1106 quid
769 1024 880 1100 simile,
900 1024 984 1104 quod
1005 1024 1160 1108 commode
1177 1025 1210 1086 in
1225 1025 1381 1088 intermedio

304 1111 455 1174 versiculo
469 1111 566 1194 possit
579 1110 685 1192 aptari.

255 1249 258 1260 ’
303 1205 316 1226 ’
389 1233 460 1297 223·
482 1224 604 1312 Kpdsss]
626 1229 670 1288 lta
683 1237 779 1290 exstat
789 1225 822 1287 in
837 1226 958 1287 Codice:
973 1226 1026 1288 sed
1047 1247 1148 1290 errore
1162 1230 1264 1291 forsan
1274 1227 1380 1290 hhrerii.
1451 1287 1452 1290 ,

304 1315 464 1376 Cornelius
480 1324 651 1396 opportune
665 1313 873 1392 corrigendum
890 1313 1046 1374 adnotavit
1056 1309 1174 1399 κράτος.
1451 1331 1452 1334 ’

390 1438 462 1501 227.
483 1431 598 1512 Δίωνα]
621 1433 683 1492 Cur
697 1433 821 1492 Dionem
845 1431 978 1492 cicadam
999 1453 1035 1491 ac
1054 1433 1216 1512 sapientem
1233 1434 1324 1514 lyram
1336 1451 1382 1512 ap-
1452 1469 1453 1472 =

303 1517 406 1600 pellet,
418 1538 481 1578 non
497 1517 571 1577 bene
585 1517 737 1595 intelligo,
752 1523 858 1597 poetae
871 1517 950 1576 enim
966 1517 1067 1598 potius
1082 1538 1171 1596 quam
1184 1517 1324 1578 historico
1337 1515 1382 1576 hae
1452 1559 1453 1602 ,

305 1603 519 1684 appellationes
543 1603 767 1680 convenissent,
790 1601 848 1662 nisi
873 1603 938 1680 quis
957 1602 1042 1662 malit
1057 1623 1073 1660 a
1091 1601 1259 1664 Theodosio
1276 1604 1382 1662 Dionem
1452 1609 1453 1612 ’

303 1687 348 1748 ita
361 1707 422 1748 esse
435 1687 618 1768 appellatum
633 1697 760 1770 propter
772 1687 835 1748 eius
851 1686 1028 1766 singularem
1040 1687 1213 1748 facundiam
1226 1689 1382 1768 elegantem·

305 1791 365 1854 que
386 1773 497 1833 stilum.

389 1895 461 1958 231.
479 1887 536 1954 Τὸν
548 1895 605 1955 τοῦ
619 1889 784 1970 Φιλίππου]
800 1889 932 1971 Philippi
943 1889 1050 1966 filium,
1065 1891 1179 1952 scilicet
1193 1889 1382 1952 Alexandrum

252 2001 254 2008 ⁴
303 1973 459 2054 Magnum,
481 1976 567 2036 cuius
588 1977 681 2039 vitam
701 1997 737 2037 ac
758 1996 805 2038 rcs
825 1975 912 2036 obeo
931 1977 1083 2057 praeclare
1097 1988 1194 2058 gestes
1212 1977 1327 2060 copiose
1338 1973 1381 2036 de·
1453 2023 1454 2048 ,

302 2060 427 2143 scripsit
447 2061 634 2124 Plutarchus.
1453 2053 1455 2090 ²

526 2443 1162 2533 monsnrnnncnonsm.

199 2642 285 2706 0014
383 2615 468 2704 Veto·
490 2625 521 2687 2·
540 2612 592 2682 Ἐν
610 2614 813 2703 παραστάσει]
836 2619 873 2679 In
896 2621 1014 2694 exenio,
1037 2639 1090 2680 sen
1107 2621 1221 2699 procul
1236 2641 1258 2680 a
1269 2620 1379 2700 patria:

300 2723 371 2764 nam
393 2703 474 2764 inter
492 2705 612 2784 plures,
636 2725 708 2784 quas
725 2703 796 2764 hnic
818 2704 888 2763 voci
901 2705 1007 2764 Graeci
1025 2705 1240 2785 explicationes
1254 2706 1380 2774 tribuere,

300 2807 335 2851 ea
347 2788 550 2870 potissimum,
571 2789 644 2850 licet
656 2790 755 2850 minus
769 2788 873 2868 obvia,
893 2788 1052 2850 Theodosii
1069 2809 1188 2849 sensum
1203 2789 1346 2871 exprimit.

384 2906 416 2974 4·
439 2911 572 2988 Xespoisu
589 2905 707 2994 πολλῷ]
730 2908 859 2968 Graecos
881 2917 986 2969 contra
1007 2905 1148 2968 barbaros
1163 2907 1197 2967 in
1213 2909 1299 2968 Creta
1312 2903 1381 2966 mili·

298 2999 396 3053 tentes
414 2991 525 3072 frigore
546 2993 619 3054 adeo
640 2993 731 3053 fuisse
757 2993 901 3070 afflictos,
922 3001 958 3053 ut
976 2991 1097 3053 domum
1119 2995 1231 3054 reverti
1245 2993 1381 3073 cogitara-

298 3079 379 3156 rint,
399 3086 465 3138 tum
486 3079 605 3139 Simeon
626 3075 765 3157 Magister
786 3087 816 3138 et
834 3077 997 3157 Logotheta
1018 3079 1052 3137 in
1077 3079 1160 3138 Rom.
1175 3078 1244 3139 lun.
1259 3099 1337 3138 num.
1351 3073 1380 3134 ll.
1454 3079 1456 3120 ἱ

293 3185 329 3246 p.
339 3165 411 3237 498,
432 3171 498 3223 tum
512 3165 709 3224 continuator
723 3161 913 3244 Theophanis
929 3163 962 3222 in
975 3163 1134 3225 Romlun.
1148 3183 1230 3224 num.
1242 3163 1309 3226 ΧΗ.
1326 3179 1379 3242 pag·
1454 3205 1456 3234 2

299 3253 372 3317 299.
385 3247 548 3328 scripsere:
573 3259 661 3328 atque
677 3249 703 3308 is
721 3249 842 3328 quidem
858 3247 1021 3330 Nicephori
1041 3269 1159 3329 quoque
1172 3249 1379 3316 allocutionem,

294 3337 359 3413 ‘qua
374 3333 482 3392 milites
496 3333 632 3410 detinuit,
656 3355 672 3392 a
688 3333 824 3393 Simeone
836 3335 1042 3394 tantummodo
1058 3335 1229 3412 indicatam,
1250 3333 1381 3412 integram

297 3418 412 3480 recitat.
455 3417 567 3480 Verum
583 3417 765 3479 Theodosius
779 3417 838 3478 hoc
851 3420 981 3479 militum
1005 3419 1161 3478 consilium
1182 3429 1213 3478 et
1233 3411 1380 3500 Nicephori

297 3503 509 3562 allocutionem
525 3504 646 3564 omnino
661 3503 792 3581 reticuit,
813 3505 917 3585 quain
931 3525 964 3564 re
978 3525 1047 3563 cum
1060 3505 1155 3562 Leone
1169 3505 1301 3565 Diacono
1315 3519 1380 3560 con·

292 3587 395 3664 sentit,
411 3588 471 3667 qui,
487 3599 634 3668 quantum
649 3609 687 3650 cx
700 3589 760 3648 eius
776 3589 925 3670 excerptis
941 3589 1039 3666 colligi
1058 3598 1156 3668 potest
1170 3590 1252 3670 apud
1269 3587 1380 3668 Fugiunt

292 3671 367 3734 ibid.
387 3693 453 3754 pag.
469 3675 550 3753 875,
571 3675 604 3733 id
618 3673 717 3756 ipsum
733 3693 962 3734 commemorare
976 3673 1186 3753 praetermisit

293 3873 321 3938 Δ
377 3783 649 3944 ἷίΦἭῖγῶδειξ
675 3785 805 3874 τόπους]
834 3791 924 3872 Vide,
958 3811 1033 3873 quae
1057 3791 1196 3876 saperius
1220 3789 1378 3854 notavimus

322 3895 366 3940 cr.
414 3895 465 3938 Λ.
544 3921 553 3943 .

377 3987 947 4076 e’nteteem2211nsenec0d„‚
973 4014 1035 4055 non
1054 3991 1237 4074 egerere,
1265 4001 1301 4056 n
1316 3987 1379 4070 ngr

293 4077 459 4158 Cornelius,
483 4079 534 4162 qui
548 4079 618 4141 ideo
631 4101 752 4142 versum
764 4081 982 4142 claudicantem
1000 4079 1101 4142 edidit.

379 4197 430 4266 14.
449 4196 605 4282 Anynoio]
627 4198 678 4260 Sic
692 4218 732 4259 ex
749 4199 859 4260 Codice
876 4199 1016 4262 restituet
1039 4200 1182 4285 atlnyaio
1195 4200 1275 4263 sorte
1288 4207 1378 4260 error·

288 4283 476 4372 typographi
497 4285 532 4347 in
552 4284 716 4350 editionem
732 4284 864 4348 Cornelii
880 4283 1012 4370 irrepsit.
