3064 4810
242 353 319 430 204
496 363 557 432 DE
577 361 876 434 VELITATIONE
891 363 1078 434 BELLICA

243 531 293 594 καὶ
314 527 549 595 ἀποσκοποῦντα
570 526 627 614 τὴν
648 533 704 596 τοῦ
718 525 837 616 Ἀμηρῶ
859 522 1046 614 παράταξιν,
1074 525 1126 592 καλ
1139 521 1180 592 τδ
1193 523 1260 610 περὶ
1275 521 1333 590 αῦ-

214 638 316 728 unfit,
347 627 389 707 ῶς
411 631 449 696 ῶν
470 627 658 718 ὃδοιπορείη,
685 626 888 716 καταμηνύειν
902 630 995 720 αἰετῷ.
1029 628 1056 696 εί
1070 631 1104 696 δὲ
1119 629 1170 694 καὶ
1185 634 1331 714 φοῦλκον,

242 734 277 799 τὸ
291 737 333 810 είς
347 733 486 821 φυλακὴν
498 740 560 800 τῶν
574 735 869 822 διασκορπιζομίνων
881 733 959 822 πρὸς
970 733 1053 798 λείαν
1066 732 1218 814 πολεμίων
1231 727 1333 816 ῦπιίρ-

76 847 130 899 fel.
146 849 199 904 383
216 861 308 920 οχον,
336 834 516 921 συναντήσει
530 833 547 902 ὅ
563 837 735 925 στρατηγὸς
748 843 870 922 πλῆθος
882 835 968 920 ἕχον,
995 838 1064 920 διχῆ
1077 835 1132 902 τὸν
1146 833 1222 900 λαὸν
1237 829 1334 898 αῦτοῦ

241 940 342 1023 διίλῃ,
370 941 421 1005 καὶ
444 939 619 1028 ἔμπροσθεν
638 941 695 1024 μὲν
716 939 880 1025 ἀποστείλῃ
900 938 972 1014 τοῦς
993 936 1171 1024 ὀφείλοντας
1184 935 1263 1018 μετὰ
1276 939 1332 1001 τοῦ
1339 945 1358 1001 6

238 1039 375 1129 podismo
391 1039 530 1125 συνάψαι
543 1041 685 1125 πόλεμον.
712 1039 831 1109 τούτων
845 1043 880 1106 δὲ
893 1040 1114 1129 συρραγέντων,
1142 1038 1237 1114 mule
1251 1033 1332 1104 καὶὸ

238 1144 411 1231 στρατηγὸς
438 1145 516 1227 μετὰ
548 1152 604 1229 τῆς
623 1142 822 1231 παρατάξεως
844 1140 941 1210 αῦτοῦ
952 1129 1092 1226 πλησίον
1112 1143 1333 1208 ἐπακολουθῶν

238 1245 331 1324 ῦξίως
345 1249 397 1312 καλ
406 1243 560 1330 εὐτόλμως
572 1247 651 1331 μετὰ
665 1253 799 1334 κραυγῆς
813 1249 864 1312 καὶ
879 1247 1058 1331 ἀλαλαγμοῦ
1072 1245 1129 1312 σδν
1142 1245 1249 1334 ἔλασίρ
1264 1241 1331 1310 κατ’

238 1349 341 1414 αῦτῶν
363 1346 545 1434 ὃρμησιίτω,
574 1352 625 1414 καί
644 1346 788 1430 τοῦτους,
819 1351 900 1416 Θεοῦ
919 1351 1070 1438 βοηθείᾳ,
1097 1345 1334 1434 τροπωσιίμενος

123 1453 154 1503 Ρ.
173 1453 223 1508 1³2
240 1449 418 1527 καταδιῶξει
432 1454 483 1516 καί
497 1453 616 1529 τελείως
628 1453 874 1538 καταγωνίσεται.
902 1453 928 1516 εί
942 1443 998 1517 οῦν
1014 1453 1096 1518 Θεοῦ
1108 1450 1249 1539 συνεργία
1263 1448 1332 1514 seio-
1342 1461 1375 1518 10
1459 1483 1465 1492 ·
1526 1469 1528 1498 ί

239 1557 330 1639 deripi
353 1550 370 1620 ὃ
392 1554 579 1641 στρατηγὸς,
607 1557 658 1620 καὶ
681 1555 754 1631 τοῦς
774 1557 817 1631 είς
838 1555 921 1619 λείαν
942 1550 1152 1641 ἐκδραμόντας
1171 1553 1333 1634 πολεμίους

239 1653 529 1744 κατατροπῶσηται,
558 1660 584 1723 εί
596 1659 653 1741 μὲν
665 1655 799 1743 μεγάλην
811 1658 862 1722 καὶ
876 1652 1033 1741 ἀξιόλογον
1048 1657 1187 1722 δουλείαν
1201 1651 1331 1739 ίργιίση-

240 1784 308 1840 ται,
336 1756 415 1836 εἰκός
439 1761 503 1826 ε’στι
524 1759 596 1836 τοδς
613 1761 746 1849 ἐχθροὺς
758 1758 835 1848 πρὸς
853 1759 909 1844 τὴν
924 1761 1005 1826 ἰδίαν
1018 1755 1125 1846 χῶραν
1139 1753 1332 1844 ῦποστρίψαι

239 1861 304 1946 μετ’
328 1859 482 1948 αίσχῦνης.
517 1863 543 1929 εί
567 1864 601 1929 δὲ
622 1863 665 1929 ἔτι
688 1866 721 1930 ίν
734 1869 773 1950 τῇ
787 1859 919 1952 ἦμετίρρ
927 1863 1068 1948 χρονίσαι
1084 1866 1250 1944 μελετῶσι,
1277 1856 1332 1924 τὸν

239 1963 319 2031 ἴδιον
355 1966 431 2031 λαὸν
461 1961 478 2032 ὃ
506 1965 677 2052 στρατηγὸς
704 1962 997 2049 ἀναλαμβανιίμενος
1023 1961 1163 2048 μήκοθεν
1195 1961 1331 2048 γενέσθω
1340 1977 1374 2036 15

237 2073 300 2134 τῶν
323 2068 493 2152 πολεμίων,
521 2070 553 2134 ἐν
575 2070 753 2153 ἐπιτηδείοις
774 2064 914 2152 δηλονότι
935 2068 1076 2154 χωρίοις,
1105 2068 1157 2132 καί
1178 2065 1233 2132 τὸν
1256 2063 1331 2130 λαδν

237 2166 334 2236 αῦτοῦ
355 2168 529 2237 κατάκοπον
545 2167 621 2238 ὄντα
641 2173 689 2236 lul
702 2168 818 2258 ἡμέρας
832 2179 912 2257 τρεῖς
932 2165 1191 2262 διαναπαυσιίτω,
1217 2163 1332 2252 μόνους

238 2272 311 2350 τοδς
342 2273 525 2362 παραμένειν
563 2273 741 2362 ὀφείλοντας
747 2323 758 2354 ,
793 2270 835 2349 ῶς
863 2271 923 2357 ἤδη
954 2272 1145 2352 ίξεθίμεθα,
1180 2269 1332 2338 ἀποστίλ-

238 2381 301 2442 λων
329 2373 442 2463 ἑκάστη
462 2373 570 2466 ἡμέρη.
614 2375 691 2464 πρὸς
712 2374 912 2462 ῦποστροφὴν
933 2376 967 2441 δὲ
986 2372 1147 2462 ὁρμῶντας
1169 2368 1331 2450 τοῦτονςὸ

237 2479 409 2563 στρατηγὸς
431 2479 570 2564 ἐπιγνοὺς
576 2527 586 2559 ,
614 2480 787 2565 παραυτίκα
804 2475 887 2561 τάχει
906 2484 1010 2568 πολλῷ
1033 2477 1166 2564 ι’ίρχοντα
1179 2483 1242 2542 τῶν
1251 2479 1375 2562 χρη-Ξ)

238 2581 337 2664 σίμων
355 2580 535 2656 ἀποστείλας
543 2629 553 2660 ,
581 2581 617 2647 τὸ
640 2580 757 2660 πεζικὸν
772 2579 948 2669 στράτευμα
961 2584 1003 2658 εἰς
1016 2581 1072 2658 τδς
1085 2582 1257 2666 δυσχωρίας
1270 2585 1332 2644 τῶν

237 2677 323 2748 ὁδῶν
342 2679 591 2770 ἓπισωρευσείτω·
618 2685 669 2750 καὶ
694 2683 787 2760 αῦτδς
809 2686 843 2750 δὲ
863 2680 1066 2772 ὃστρατηηδς
1082 2680 1260 2764 σπευσάτω,
1286 2680 1329 2765 μή

237 2785 271 2850 ἐν
290 2787 375 2851 νυκτὶ
397 2787 476 2870 μηδὲ
498 2787 530 2852 ir
548 2782 649 2879 ἦμίρρ
665 2783 776 2854 ἑαυτὸν
789 2792 894 2864 ποσῶς
907 2785 947 2854 δν
959 2787 1134 2854 ἀναπαῦσαι
1139 2834 1151 2867 ,
1179 2785 1258 2850 ἀλλὰ
1274 2784 1332 2850 σῦν

237 2883 323 2970 τείχει
343 2894 447 2977 πολλῷ
469 2888 644 2972 ἔμπροσθεν
664 2889 766 2956 αὐτῶν
784 2889 938 2976 periodos,
961 2891 1012 2954 καὶ
1024 2895 1125 2965 καλῶς
1136 2883 1332 2972 παρασκευῶ-

238 3013 298 3067 σας
318 2990 400 3056 ἅπαν
421 2991 457 3058 τὸ
478 2997 541 3058 τῶν
561 2993 657 3072 πεζῶν
671 2995 723 3060 καὶ
739 2993 853 3059 ἱππίων
867 2989 963 3060 αῦτοῦ
976 2989 1169 3081 στράτευμα,
1196 2989 1251 3058 τὸν
1263 2987 1375 3060 κατ’25

308 3104 350 3159 17.
371 3099 619 3160 monuerim.
641 3103 703 3160 Vid.
720 3103 864 3178 sopru124
879 3109 911 3162 Δ.
1155 3095 1158 3102 ’

238 3205 286 3276 qui
301 3205 402 3262 Anime
416 3207 496 3262 eciem
511 3207 598 3262 rident
616 3225 648 3262 ee
658 3208 821 3278 speculetur,
838 3213 866 3262 et
882 3207 988 3274 deills,
1005 3205 1214 3280 quemadmodum
1230 3223 1259 3260 ss
1277 3221 1331 3260 mo-

239 3281 315 3340 rest‚
332 3275 381 3329 sibi
397 3278 538 3331 renunciet.
571 3278 602 3330 Si
614 3278 716 3346 globum
728 3295 832 3332 numero
845 3279 1003 3348 frequentem
1015 3277 1067 3330 dux
1082 3277 1204 3341 offendit,
1221 3276 1266 3346 qui
1283 3277 1332 3328 bo·

238 3343 322 3396 stibus
335 3346 483 3414 prsedstum
495 3346 618 3416 dispersis
630 3347 759 3416 praesidio
772 3348 822 3411 sit,
839 3349 959 3400 biisrium
978 3347 1079 3400 dividet
1091 3362 1189 3400 menum
1202 3361 1287 3408 susm,
1304 3350 1333 3396 et

238 3413 331 3535 portius
345 3416 509 3484 praemittet,
526 3416 572 3486 qui
585 3433 642 3468 com
654 3417 703 3469 boc
715 3417 791 3484 globo
804 3433 914 3486 pugnem
930 3417 1027 3470 ineunt.
1062 3415 1163 3478 Quibus
1181 3413 1332 3483 proelianti-

258 3499 303 3546 os,
319 3483 448 3553 evestigio
462 3485 513 3538 dux
526 3501 628 3556 quoque
641 3503 697 3538 oum
708 3501 754 3538 sus
767 3486 824 3539 ucis
842 3486 959 3556 proxime
969 3486 1126 3555 subsequens
1144 3483 1333 3552 scriberetque

238 3551 351 3605 animose
362 3567 419 3604 cum
434 3553 545 3606 elausere
558 3561 586 3606 et
597 3553 697 3606 barritu
708 3555 802 3607 cursim
815 3555 842 3608 in
854 3555 913 3607 illos
926 3572 956 3608 se
968 3553 1074 3618 incitet,
1091 3570 1135 3607 eos
1153 3569 1186 3604 ue
1197 3551 1247 3605 Dei
1257 3551 1333 3603 suxi·

228 3619 272 3671 'lio
284 3619 355 3671 iosos
369 3629 539 3691 persequetur
552 3639 584 3675 ue
594 3623 710 3675 funditus
721 3623 826 3676 delebit.
861 3623 939 3687 Quod
963 3623 1001 3687 si,
1017 3622 1117 3676 nombre
1134 3639 1149 3674 ο
1197 3620 1334 3684 erodente,

228 3687 291 3740 dux
302 3689 370 3740 bene
381 3706 433 3742 rem
468 3691 540 3757 ussit,
557 3692 871 3760 compressissdrerseriis
884 3693 1033 3762 praedetum
1047 3689 1203 3761 egressis,si
1216 3705 1334 3759 rusguuru

237 3761 317 3838 etque
334 3757 436 3824 insigne
449 3710 550 3813 iscium
564 3760 669 3824 effecit,
686 3761 840 3815 credendum
853 3769 895 3814 est
908 3763 994 3814 hostes
1006 3777 1062 3814 cum
1075 3761 1168 3830 probro
1180 3747 1280 3812 doo'mm
1291 3773 1334 3810 re·

237 3825 346 3878 duturos.
380 3827 434 3880 Sed
445 3829 468 3880 si
482 3829 624 3898 empliusiu
642 3829 742 3882 ditione
760 3837 850 3884 nostre
868 3827 1017 3883 commorari
1036 3835 1196 3892 statuerunt,
1220 3827 1272 3880 dux
1290 3843 1334 3878 ss-

237 3901 322 3948 sumto
332 3913 380 3948 suo
392 3896 493 3964 sgmine
505 3897 607 3966 longius
622 3899 654 3950 sb
662 3897 713 3951 illis
726 3898 859 3966 discedet,
875 3900 925 3952 hcc
939 3908 979 3952 est
990 3897 1018 3952 iu
1031 3899 1089 3952 locs
1102 3897 1210 3960 idonee,
1226 3897 1271 3949 ubi
1286 3895 1333 3948 rui·

237 3963 298 4015 lites
312 3980 371 4018 suos
383 3965 540 4036 dolstigstos
553 3983 600 4036 per
614 3965 726 4020 triduum
745 3968 859 4033 reficiet,
883 3969 1000 4038 solosque
1020 3968 1065 4040 qui
1080 3965 1208 4037 speculsri
1229 3965 1334 4030 debesn,

238 4031 316 4084 slcuti
330 4031 379 4085 ism
395 4036 572 4103 exposuimus,
589 4036 708 4106 quotidie
722 4037 831 4090 emittet
867 4037 968 4090 Ateuisu
978 4038 1024 4090 ubi
1038 4035 1176 4108 cognorit,
1194 4051 1238 4088 eos
1259 4032 1334 4100 signu

238 4101 348 4154 novisse
359 4103 483 4156 rcdesusdi
497 4121 590 4170 eeuss,
607 4104 733 4173 evestigio
751 4123 800 4176 per
811 4107 970 4175 preelectum
987 4107 1121 4190 probatum
1138 4119 1230 4172 magns
1243 4099 1334 4155 celeri·

238 4175 293 4223 tate
307 4170 410 4224 missum
422 4171 449 4225 iu
467 4175 652 4244 asperitatibus
670 4174 769 4227 riorum
785 4176 920 4245 pedestres
939 4191 1027 4244 copres
1044 4179 1204 4244 congregets
1225 4170 1335 4240 ipseque

238 4238 291 4292 dux
302 4241 457 4306 connitatur,
474 4251 597 4314 utusque
610 4249 780 4314 nectensque
792 4243 903 4298 interdiu
919 4253 1018 4314 purtem
1031 4243 1105 4297 ullum
1126 4240 1213 4312 cupiet
1232 4239 1336 4310 quietis,

239 4309 285 4362 sed
300 4309 433 4364 celeritste
446 4311 553 4366 maxims
563 4329 608 4366 eos
620 4319 788 4396 praecurret,
809 4320 838 4366 et
848 4313 973 4368 universis
985 4311 1150 4385 pedestribus
1162 4308 1337 4379 equestribus·

239 4395 289 4448 que
303 4379 386 4450 copiis
399 4382 464 4433 bene
484 4389 647 4452 presperstrs
661 4381 849 4436 dimicetioosm
864 4384 987 4436 adversus
1000 4383 1058 4438 illos
1072 4383 1198 4442 instrust,
1214 4374 1337 4449 quemod-
