3038 4796
254 347 329 432 352
560 357 824 432 LUITPRANDI
844 349 1039 434 LEGATIO

228 521 326 585 odico
345 519 436 598 mihi,
450 519 481 582 id
494 529 539 582 est
551 517 736 601 luitprando
748 519 913 602 Episcopo,
933 520 986 584 aad
1000 523 1197 605 Bulgsrorum
1217 526 1346 587 nuncius

255 633 355 688 vestro
376 621 573 705 praeponitur
587 621 708 682 nuncio.
751 623 811 684 ssd
827 623 935 685 lenivit
949 625 1082 687 dolorem
1096 647 1195 688 meum
1210 627 1345 709 Impera·

246 735 304 788 tor
322 727 448 786 Sanctus
466 743 590 786 munera
609 745 731 804 magno,
752 725 873 786 mittem
890 725 964 786 mihi
982 747 1019 787 ex
1036 727 1253 790 delicatissimis
1270 728 1344 789 cibis

249 829 334 905 suis,
364 827 495 888 hoedum
514 828 672 909 pinguem,
701 847 741 889 ax
765 847 824 908 quo
848 827 914 908 ipse
936 829 1119 908 comederat,
1148 829 1236 908 allio,
1263 850 1343 912 cepe,

250 930 351 1013 porris
374 931 455 988 laute
475 927 716 1009 suffarcinatum,
737 951 808 1010 garo
829 929 1010 1008 delibutum,
1032 951 1120 1011 quem
1141 941 1256 993 vestrae
1271 941 1344 992 tunc

249 1052 368 1104 mensae
387 1031 482 1092 inesse
503 1031 623 1112 optavi,
644 1041 681 1093 ut
700 1033 752 1114 qui
769 1033 891 1094 delicias
910 1034 1011 1093 Sancti
1026 1031 1214 1114 imperatoris
1232 1033 1344 1092 faustas

250 1155 315 1196 esse
338 1153 400 1193 nou
424 1131 563 1211 creditis,
584 1134 688 1194 saltem
709 1134 757 1195 his
778 1137 942 1218 perspectio
965 1135 1132 1198 crederetis.
1173 1131 1344 1194 Transactis

250 1257 322 1317 ergo
339 1245 409 1296 octo
422 1234 543 1314 diebus,
565 1257 635 1296 com
647 1235 769 1315 Balgari
783 1237 841 1297 iam
856 1237 1006 1315 abessent,
1025 1245 1133 1320 putans
1147 1257 1195 1296 nse
1210 1255 1343 1295 mensam

249 1338 446 1418 magnifacere
462 1357 562 1414 suam,
585 1339 619 1398 iu
635 1339 737 1400 eodem
753 1341 821 1400 loco
839 1361 887 1401 me
901 1341 972 1400 satis
987 1349 1139 1419 aegrotum
1152 1357 1252 1398 secum
1268 1357 1343 1396 cou-

246 1439 351 1498 vivare
371 1436 479 1516 coegit.
508 1438 603 1499 affuit
618 1441 836 1522 cumpluribus
849 1441 1004 1524 Episcopia
1022 1453 1053 1503 et
1067 1439 1251 1504 Patriarcha:
1272 1437 1343 1518 qui-

247 1537 303 1600 hus
327 1537 551 1620 praesentibus,
578 1543 679 1624 plures
704 1543 780 1604 mihi
809 1546 993 1625 quaestiones
1013 1545 1050 1606 da
1071 1543 1229 1624 scripturis
1251 1539 1343 1600 meris

219 1647 245 1704 D
251 1644 427 1728 proposuit,
454 1663 525 1725 quas
550 1664 619 1706 cum
639 1644 754 1725 Spiritu
766 1651 875 1708 Sancto
899 1647 1019 1708 afflante
1040 1647 1188 1726 eleganter
1206 1640 1343 1723 exposui,

247 1745 410 1807 novissime
427 1755 526 1808 autern
543 1757 580 1808 ut
600 1748 637 1808 de
650 1749 736 1809 vobis
748 1749 857 1810 ludum
872 1747 1002 1827 haberet,
1017 1769 1088 1829 quaa
1099 1747 1235 1828 synodos
1247 1743 1343 1804 habe-

246 1847 359 1925 reu'rus,
373 1849 499 1927 rogavit.
528 1849 582 1910 Cui
595 1871 664 1910 cum
677 1849 835 1911 Nicaenam
841 1899 853 1930 ,
867 1847 1341 1931 Chalcedonensem,Epheainam,

247 1949 474 2026 Antiochenam,
489 1935 758 2032 carthaginensem,
773 1952 972 2034 Ancyransm,
983 1949 1342 2032 constantinopolitanam

247 2053 412 2131 edicerem
425 2053 471 2114 Ha
482 2053 521 2114 ha
534 2053 582 2132 he,
596 2055 648 2134 ait,
660 2055 837 2116 Saxonicam
851 2056 951 2116 dicere
964 2073 994 2115 es
1009 2053 1137 2113 oblitus:
1150 2052 1276 2132 quamsi
1291 2071 1343 2112 ro·

245 2173 307 2236 gos,
324 2177 380 2216 cur
393 2156 490 2217 nostri
503 2157 621 2218 codices
631 2179 693 2218 non
700 2155 820 2237 habeut,
835 2157 942 2219 rudem
958 2177 1029 2232 esse,
1046 2166 1075 2216 et
1092 2155 1130 2215 ad
1139 2175 1196 2215 nos
1204 2153 1342 2214 necdum

243 2259 349 2320 venire
361 2277 447 2340 possa
459 2260 637 2342 respondeo.
668 2260 723 2320 Cui
739 2259 878 2341 inquam:
897 2261 931 2321 in
953 2239 1013 2339 spuo
1029 2257 1161 2317 membro
1172 2263 1278 2335 regnat
1289 2254 1342 2314 iu-

243 2359 381 2437 firmitas,
394 2360 472 2420 illud
481 2362 665 2423 astoauterio
675 2362 877 2424 exurendum:
889 2363 1023 2424 haereses
1033 2379 1134 2420 omnes
1144 2358 1254 2418 svobis
1264 2375 1342 2416 ema·

243 2473 372 2543 norunt,
393 2483 485 2544 penas
500 2485 554 2526 voa
568 2465 743 2544 riguerunt:
766 2465 887 2526 anobis
896 2510 905 2544 ,
927 2463 960 2525 id
978 2471 1023 2524 est
1035 2459 1277 2523 occidentalibus
1287 2456 1340 2517 hie

244 2567 482 2645 suntiugulatae,
493 2565 548 2626 hic
562 2575 634 2626 sunt
646 2567 768 2631 occisae.
796 2567 969 2644 Romanam,
983 2553 1232 2646 sivePapimaam
1240 2563 1341 2641 Syno-

246 2670 317 2730 dum
326 2717 336 2749 ,
358 2687 538 2750 quamquam
553 2677 653 2729 essent
668 2689 773 2751 saepe,
792 2668 840 2731 his
856 2691 919 2731 non
930 2683 1188 2730 connumeramus.
1227 2665 1341 2724 Roma-

185 2825 189 2834 .
213 2771 303 2834 Enna
314 2771 394 2833 enim
405 2771 555 2850 Clericus,
576 2771 768 2853 postmodum
783 2773 959 2834 universalis
976 2773 1057 2854 Papa
1070 2766 1247 2849 Gregorius,
1269 2763 1340 2845 quia

245 2873 369 2936 svobis
391 2873 558 2956 appellatus
578 2883 624 2935 est
645 2873 800 2955 Dialogus,
828 2873 1009 2956 Eutychium
1032 2868 1340 2950 Constantinopolita-

244 2997 318 3038 num
330 2976 532 3039 Patriarcham
549 2973 731 3037 haereticum
743 2978 780 3036 ab
793 2977 939 3038 eiusmodi
952 2977 1066 3038 haeresi
1078 2973 1226 3035 liberavit.
1267 2969 1339 3040 Δίε-Δ

244 3079 298 3141 hat
309 3080 390 3141 idam
408 3079 591 3160 Eutychiae,
611 3099 668 3140 nse
686 3081 785 3140 solum
803 3079 916 3155 aiebat,
937 3079 990 3140 sed
1005 3079 1094 3140 etism
1112 3076 1251 3152 docebat,
1274 3073 1339 3133 clo-

244 3181 361 3260 mahat,
382 3182 584 3264 scriptitabat,
606 3203 661 3242 nos
680 3181 714 3241 iu
730 3183 948 3244 resurrectione
962 3201 1025 3243 nou
1042 3199 1143 3240 raram
1152 3223 1161 3256 ,
1184 3195 1272 3258 quam
1286 3173 1339 3234 hio

243 3284 404 3362 habemus,
425 3285 477 3345 sed
492 3283 708 3365 phantasticam
727 3283 885 3363 quamdam
905 3303 1023 3346 carnem
1041 3289 1261 3362 assumpturos:
1282 3297 1338 3338 eu-

244 3387 293 3447 ius
313 3387 423 3448 erroris
437 3385 512 3446 lrher
526 3407 543 3445 a
557 3385 701 3464 Gregorio
717 3385 885 3447 orthodoxe
904 3396 948 3448 est
962 3385 1142 3448 combustus.
1185 3380 1243 3441 sot
1257 3379 1339 3440 Evo-

245 3490 332 3569 dius,
354 3487 505 3571 Pupienaia
525 3486 706 3569 Episcopus,
735 3499 860 3570 propter
883 3487 970 3548 sliam
999 3481 1156 3568 quamdam
1183 3482 1338 3560 haeresim,

137 3589 196 3651 001.
212 3593 231 3648 2
246 3591 319 3670 huc,
339 3591 432 3651 idest
449 3591 747 3672 Constantinopolim,
769 3593 933 3652 aliomauo
945 3599 989 3652 est
1003 3587 1175 3651 Patriarcha
1192 3587 1338 3663 directum

245 3713 335 3775 quarn
359 3713 574 3774 compressam,
596 3694 631 3754 in
652 3693 836 3755 Catholicam
857 3703 945 3775 atque
968 3693 1176 3755 Orthodoxam
1190 3689 1338 3752 reforma·

245 3795 300 3859 vit
341 3795 494 3856 Saxonum
512 3815 620 3875 genus,
642 3817 680 3857 ex
697 3817 756 3878 quo
771 3797 914 3856 Sanctum
934 3797 1101 3858 Lavacrum
1124 3803 1156 3854 et
1179 3789 1233 3852 nsi
1250 3807 1337 3850 acee-

243 3897 292 3980 pit
303 3895 457 3975 notitiam,
478 3899 563 3959 nulla
578 3909 623 3960 est
639 3898 753 3961 haeresi
767 3899 967 3978 maculatum,
988 3907 1024 3958 ut
1036 3895 1079 3957 ibi
1094 3893 1232 3977 synodus
1244 3891 1338 3966 fieret,

246 4017 307 4080 qna
329 4017 475 4079 errorem,
501 4002 690 4063 cum‘nullus
714 4011 804 4079 esset,
826 4001 998 4081 corrigeret.
1039 3999 1155 4060 liudem
1177 3996 1247 4076 quia
1265 3991 1338 4054 dicis

5 4165 6 4174 ,
245 4101 413 4164 Saxonihus
439 4124 503 4166 esse
522 4104 637 4183 iidem,
658 4105 693 4166 id
712 4085 812 4186 ipsum
832 4113 863 4165 et
879 4086 933 4184 ego
957 4101 1089 4165 affirmes
1124 4119 1240 4181 semper
1261 4095 1341 4158 enim

5 4189 7 4282 J
125 4212 128 4218 '
245 4206 327 4289 apud
346 4225 397 4267 eos
414 4205 525 4269 Christi
545 4207 619 4270 tides
634 4207 720 4270 rudis
735 4217 795 4285 est,
817 4217 848 4268 at
864 4227 928 4268 non
946 4214 1032 4270 vetars
1039 4249 1049 4286 ,
1076 4204 1130 4266 ubi
1146 4203 1236 4264 tidem
1251 4219 1341 4282 opera

5 4293 6 4316 ¹
243 4319 424 4391 sequnntur.
466 4309 525 4373 Hic
541 4309 616 4374 fito
630 4331 693 4374 uon
706 4309 806 4391 rudis,
826 4307 881 4374 sed
895 4317 983 4374 vetus
997 4317 1060 4389 est,
1080 4307 1134 4370 ubi
1148 4305 1238 4368 fidem
1251 4321 1341 4386 opera
