<?xml version="1.0" encoding="UTF-8"?>
<!DOCTYPE html PUBLIC "-//W3C//DTD XHTML 1.0 Transitional//EN"
    "http://www.w3.org/TR/xhtml1/DTD/xhtml1-transitional.dtd">
<html xmlns="http://www.w3.org/1999/xhtml" xml:lang="en" lang="en">
 <head>
  <title>
</title>
<meta http-equiv="Content-Type" content="text/html;charset=utf-8" />
  <meta name='ocr-system' content='tesseract 3.04.00' />
  <meta name='ocr-capabilities' content='ocr_page ocr_carea ocr_par ocr_line ocrx_word'/>
</head>
<body>
  <div class='ocr_page' id='page_1' title='image "./leonisdiaconica00liudgoog/leonisdiaconica00liudgoog_0533.png"; bbox 0 0 2994 4796; ppageno 0'>
   <div class='ocr_carea' id='block_1_1' title="bbox 405 331 1255 500">
    <p class='ocr_par' dir='ltr' id='par_1_1' title="bbox 405 331 1255 500">
     <span class='ocr_line' id='line_1_1' title="bbox 405 331 1255 500; baseline -0.012 -44"><span class='ocrx_word' id='word_1_1' title='bbox 405 387 451 456; x_wconf 72' lang='lat' dir='ltr'><strong>ue</strong></span> <span class='ocrx_word' id='word_1_2' title='bbox 471 383 628 453; x_wconf 78' lang='lat' dir='ltr'><strong>mons</strong></span> <span class='ocrx_word' id='word_1_3' title='bbox 648 383 830 500; x_wconf 76' lang='lat' dir='ltr'><strong>Draconi</strong></span> <span class='ocrx_word' id='word_1_4' title='bbox 850 383 928 450; x_wconf 79' lang='lat' dir='ltr'><strong>me.</strong></span> <span class='ocrx_word' id='word_1_5' title='bbox 948 382 990 452; x_wconf 89' lang='lat' dir='ltr'><strong>x.</strong></span> <span class='ocrx_word' id='word_1_6' title='bbox 1078 331 1082 344; x_wconf 74' lang='grc'><strong>’</strong></span> <span class='ocrx_word' id='word_1_7' title='bbox 1124 423 1127 429; x_wconf 86' lang='grc'><strong>-</strong></span> <span class='ocrx_word' id='word_1_8' title='bbox 1182 373 1255 448; x_wconf 81' lang='lat'><strong>491</strong></span> 
     </span>
    </p>
   </div>
   <div class='ocr_carea' id='block_1_2' title="bbox 133 539 1387 2326">
    <p class='ocr_par' dir='ltr' id='par_1_2' title="bbox 138 539 1387 1898">
     <span class='ocr_line' id='line_1_2' title="bbox 138 539 1354 624; baseline -0.005 -16"><span class='ocrx_word' id='word_1_9' title='bbox 138 587 140 594; x_wconf 39' lang='grc' dir='ltr'><strong><em>ι</em></strong></span> <span class='ocrx_word' id='word_1_10' title='bbox 161 546 291 622; x_wconf 76' lang='lat' dir='ltr'><strong>dieitur,</strong></span> <span class='ocrx_word' id='word_1_11' title='bbox 314 545 370 624; x_wconf 79' lang='lat' dir='ltr'><strong>qul</strong></span> <span class='ocrx_word' id='word_1_12' title='bbox 389 565 444 624; x_wconf 84' lang='lat' dir='ltr'><strong>per</strong></span> <span class='ocrx_word' id='word_1_13' title='bbox 468 553 605 622; x_wconf 83' lang='lat' dir='ltr'><strong>tempora</strong></span> <span class='ocrx_word' id='word_1_14' title='bbox 620 543 739 618; x_wconf 78' lang='lat' dir='ltr'><strong>fuerint</strong></span> <span class='ocrx_word' id='word_1_15' title='bbox 755 539 995 621; x_wconf 78' lang='lat' dir='ltr'><strong>(vidimoriptt.</strong></span> <span class='ocrx_word' id='word_1_16' title='bbox 1011 541 1102 621; x_wconf 78' lang='lat' dir='ltr'><strong>antiq.</strong></span> <span class='ocrx_word' id='word_1_17' title='bbox 1114 542 1259 603; x_wconf 72' lang='lat' dir='ltr'><strong>Basilicae</strong></span> <span class='ocrx_word' id='word_1_18' title='bbox 1351 545 1354 554; x_wconf 87' lang='lat'>&#39;</span> 
     </span>
     <span class='ocr_line' id='line_1_3' title="bbox 161 625 1260 708; baseline -0.003 -17"><span class='ocrx_word' id='word_1_19' title='bbox 161 635 192 692; x_wconf 87' lang='lat' dir='ltr'><strong>S.</strong></span> <span class='ocrx_word' id='word_1_20' title='bbox 212 631 297 691; x_wconf 86' lang='lat' dir='ltr'><strong>Peuli</strong></span> <span class='ocrx_word' id='word_1_21' title='bbox 311 631 382 689; x_wconf 87' lang='lat' dir='ltr'><strong>Tab.</strong></span> <span class='ocrx_word' id='word_1_22' title='bbox 402 649 490 688; x_wconf 84' lang='lat' dir='ltr'><strong>xvm.</strong></span> <span class='ocrx_word' id='word_1_23' title='bbox 505 629 572 705; x_wconf 81' lang='lat' dir='ltr'><strong>A.),</strong></span> <span class='ocrx_word' id='word_1_24' title='bbox 591 628 642 686; x_wconf 81' lang='lat' dir='ltr'><strong>aed</strong></span> <span class='ocrx_word' id='word_1_25' title='bbox 656 626 738 686; x_wconf 85' lang='lat' dir='ltr'><strong>huno</strong></span> <span class='ocrx_word' id='word_1_26' title='bbox 752 646 869 684; x_wconf 79' lang='lat' dir='ltr'><strong>aeneum</strong></span> <span class='ocrx_word' id='word_1_27' title='bbox 883 626 982 684; x_wconf 84' lang='lat' dir='ltr'><strong>minue</strong></span> <span class='ocrx_word' id='word_1_28' title='bbox 1003 625 1078 686; x_wconf 89' lang='lat' dir='ltr'><strong>bene</strong></span> <span class='ocrx_word' id='word_1_29' title='bbox 1091 628 1260 708; x_wconf 70' lang='lat' dir='ltr'>percepisse</span> 
     </span>
     <span class='ocr_line' id='line_1_4' title="bbox 159 705 1257 794; baseline -0.001 -18"><span class='ocrx_word' id='word_1_30' title='bbox 159 719 325 794; x_wconf 78' lang='lat' dir='ltr'><strong>Kneterum</strong></span> <span class='ocrx_word' id='word_1_31' title='bbox 339 715 469 774; x_wconf 80' lang='lat' dir='ltr'><strong>arbitror</strong></span> <span class='ocrx_word' id='word_1_32' title='bbox 481 713 563 774; x_wconf 86' lang='lat' dir='ltr'><strong>suid.</strong></span> <span class='ocrx_word' id='word_1_33' title='bbox 578 713 600 771; x_wconf 91' lang='grc' dir='ltr'><strong>Ι.</strong></span> <span class='ocrx_word' id='word_1_34' title='bbox 617 717 665 777; x_wconf 92' lang='grc'><strong>16.</strong></span> <span class='ocrx_word' id='word_1_35' title='bbox 681 713 713 770; x_wconf 90' lang='lat' dir='ltr'><strong>C.</strong></span> <span class='ocrx_word' id='word_1_36' title='bbox 728 711 781 770; x_wconf 86' lang='lat' dir='ltr'><strong>uhi</strong></span> <span class='ocrx_word' id='word_1_37' title='bbox 795 709 870 770; x_wconf 83' lang='lat' dir='ltr'><strong>haec</strong></span> <span class='ocrx_word' id='word_1_38' title='bbox 882 713 919 771; x_wconf 91' lang='lat' dir='ltr'><strong>de</strong></span> <span class='ocrx_word' id='word_1_39' title='bbox 935 711 1076 790; x_wconf 78' lang='lat' dir='ltr'><strong>Agathia,</strong></span> <span class='ocrx_word' id='word_1_40' title='bbox 1099 705 1141 773; x_wconf 87' lang='grc' dir='ltr'><strong>ῶν</strong></span> <span class='ocrx_word' id='word_1_41' title='bbox 1156 712 1190 791; x_wconf 88' lang='lat' dir='ltr'><strong>[f.</strong></span> <span class='ocrx_word' id='word_1_42' title='bbox 1207 709 1257 792; x_wconf 80' lang='grc' dir='ltr'><strong>ὃν]</strong></span> 
     </span>
     <span class='ocr_line' id='line_1_5' title="bbox 163 792 1262 878; baseline -0.009 -13"><span class='ocrx_word' id='word_1_43' title='bbox 163 797 250 874; x_wconf 81' lang='grc' dir='ltr'><strong><em>αῶτός</em></strong></span> <span class='ocrx_word' id='word_1_44' title='bbox 266 801 394 878; x_wconf 78' lang='grc' dir='ltr'><strong><em>οννῆξεν</em></strong></span> <span class='ocrx_word' id='word_1_45' title='bbox 409 798 441 862; x_wconf 73' lang='grc' dir='ltr'><strong>ἐκ</strong></span> <span class='ocrx_word' id='word_1_46' title='bbox 455 803 517 860; x_wconf 84' lang='grc' dir='ltr'><strong>τῶν</strong></span> <span class='ocrx_word' id='word_1_47' title='bbox 533 794 607 860; x_wconf 71' lang='lat' dir='ltr'><strong>eard</strong></span> <span class='ocrx_word' id='word_1_48' title='bbox 620 792 727 876; x_wconf 76' lang='grc' dir='ltr'><strong><em>καιρῶν</em></strong></span> <span class='ocrx_word' id='word_1_49' title='bbox 737 800 888 876; x_wconf 74' lang='grc' dir='ltr'><strong><em>ποιητῶν,</em></strong></span> <span class='ocrx_word' id='word_1_50' title='bbox 909 796 953 854; x_wconf 83' lang='lat' dir='ltr'><strong>eie</strong></span> <span class='ocrx_word' id='word_1_51' title='bbox 963 796 1080 856; x_wconf 81' lang='lat' dir='ltr'><strong>reddit:</strong></span> <span class='ocrx_word' id='word_1_52' title='bbox 1102 817 1181 875; x_wconf 84' lang='lat' dir='ltr'><strong>quae</strong></span> <span class='ocrx_word' id='word_1_53' title='bbox 1198 800 1262 876; x_wconf 81' lang='lat' dir='ltr'><strong>ipae</strong></span> 
     </span>
     <span class='ocr_line' id='line_1_6' title="bbox 162 881 1287 963; baseline -0.006 -18"><span class='ocrx_word' id='word_1_54' title='bbox 162 908 196 946; x_wconf 80' lang='lat' dir='ltr'><strong>ex</strong></span> <span class='ocrx_word' id='word_1_55' title='bbox 217 884 433 944; x_wconf 81' lang='lat' dir='ltr'><strong>recentioribue</strong></span> <span class='ocrx_word' id='word_1_56' title='bbox 444 885 549 963; x_wconf 75' lang='lat' dir='ltr'><strong>portia</strong></span> <span class='ocrx_word' id='word_1_57' title='bbox 581 883 711 960; x_wconf 77' lang='lat' dir='ltr'><em>collegit.</em></span> <span class='ocrx_word' id='word_1_58' title='bbox 753 881 873 955; x_wconf 81' lang='lat' dir='ltr'><strong>Malim,</strong></span> <span class='ocrx_word' id='word_1_59' title='bbox 900 901 980 960; x_wconf 84' lang='lat' dir='ltr'><strong>quae</strong></span> <span class='ocrx_word' id='word_1_60' title='bbox 1002 883 1065 960; x_wconf 80' lang='lat' dir='ltr'><strong>ipae</strong></span> <span class='ocrx_word' id='word_1_61' title='bbox 1086 881 1207 961; x_wconf 77' lang='lat' dir='ltr'><strong>collegit</strong></span> <span class='ocrx_word' id='word_1_62' title='bbox 1227 902 1261 940; x_wconf 78' lang='lat' dir='ltr'><strong>er</strong></span> <span class='ocrx_word' id='word_1_63' title='bbox 1285 941 1287 949; x_wconf 69' lang='grc'><strong><em>,</em></strong></span> 
     </span>
     <span class='ocr_line' id='line_1_7' title="bbox 156 959 1260 1051; baseline -0.004 -22"><span class='ocrx_word' id='word_1_64' title='bbox 156 973 272 1051; x_wconf 81' lang='lat' dir='ltr'><strong>puelia,</strong></span> <span class='ocrx_word' id='word_1_65' title='bbox 295 971 351 1048; x_wconf 85' lang='lat' dir='ltr'><strong>qui</strong></span> <span class='ocrx_word' id='word_1_66' title='bbox 363 970 499 1048; x_wconf 68' lang='lat' dir='ltr'><strong>ringulae</strong></span> <span class='ocrx_word' id='word_1_67' title='bbox 511 967 674 1042; x_wconf 77' lang='lat' dir='ltr'><strong>aetatibue,</strong></span> <span class='ocrx_word' id='word_1_68' title='bbox 695 959 757 1025; x_wconf 76' lang='lat' dir='ltr'><strong>eive</strong></span> <span class='ocrx_word' id='word_1_69' title='bbox 771 966 965 1044; x_wconf 72' lang='lat' dir='ltr'><strong>temporibus,</strong></span> <span class='ocrx_word' id='word_1_70' title='bbox 977 967 1160 1045; x_wconf 83' lang='lat' dir='ltr'><strong>floruerunt.</strong></span> <span class='ocrx_word' id='word_1_71' title='bbox 1201 965 1260 1025; x_wconf 86' lang='lat' dir='ltr'><strong>Ne-</strong></span> 
     </span>
     <span class='ocr_line' id='line_1_8' title="bbox 161 1051 1259 1136; baseline -0.004 -22"><span class='ocrx_word' id='word_1_72' title='bbox 161 1075 221 1136; x_wconf 89' lang='lat' dir='ltr'><strong>que</strong></span> <span class='ocrx_word' id='word_1_73' title='bbox 236 1053 354 1114; x_wconf 76' lang='lat' dir='ltr'><strong>felicius</strong></span> <span class='ocrx_word' id='word_1_74' title='bbox 370 1053 615 1114; x_wconf 80' lang='lat' dir='ltr'><strong>Montelalconius</strong></span> <span class='ocrx_word' id='word_1_75' title='bbox 630 1051 710 1131; x_wconf 82' lang='lat' dir='ltr'><strong>apud</strong></span> <span class='ocrx_word' id='word_1_76' title='bbox 726 1051 860 1109; x_wconf 74' lang='lat' dir='ltr'><strong>coemam</strong></span> <span class='ocrx_word' id='word_1_77' title='bbox 879 1051 1092 1134; x_wconf 80' lang='lat' dir='ltr'><strong>ludicopleuet.</strong></span> <span class='ocrx_word' id='word_1_78' title='bbox 1108 1053 1259 1132; x_wconf 84' lang='lat' dir='ltr'><strong>Topogra·</strong></span> 
     </span>
     <span class='ocr_line' id='line_1_9' title="bbox 160 1129 1261 1220; baseline 0 -22"><span class='ocrx_word' id='word_1_79' title='bbox 160 1139 234 1220; x_wconf 68' lang='lat' dir='ltr'><strong>phin</strong></span> <span class='ocrx_word' id='word_1_80' title='bbox 257 1137 416 1200; x_wconf 73' lang='lat' dir='ltr'><strong>Christian.</strong></span> <span class='ocrx_word' id='word_1_81' title='bbox 438 1139 476 1200; x_wconf 89' lang='lat'><strong>11.</strong></span> <span class='ocrx_word' id='word_1_82' title='bbox 498 1141 569 1205; x_wconf 78' lang='lat'><strong>293.</strong></span> <span class='ocrx_word' id='word_1_83' title='bbox 583 1137 658 1196; x_wconf 87' lang='lat' dir='ltr'><strong>haec</strong></span> <span class='ocrx_word' id='word_1_84' title='bbox 672 1135 709 1196; x_wconf 89' lang='lat' dir='ltr'><strong>de</strong></span> <span class='ocrx_word' id='word_1_85' title='bbox 724 1136 803 1197; x_wconf 80' lang='lat' dir='ltr'><strong>Deo:</strong></span> <span class='ocrx_word' id='word_1_86' title='bbox 825 1130 906 1209; x_wconf 75' lang='grc' dir='ltr'><strong><em>ὅστις</em></strong></span> <span class='ocrx_word' id='word_1_87' title='bbox 919 1135 970 1198; x_wconf 79' lang='grc' dir='ltr'><strong>καὶ</strong></span> <span class='ocrx_word' id='word_1_88' title='bbox 984 1129 1099 1217; x_wconf 80' lang='grc' dir='ltr'><strong><em>νόμους</em></strong></span> <span class='ocrx_word' id='word_1_89' title='bbox 1113 1133 1189 1214; x_wconf 78' lang='grc' dir='ltr'><strong><em>ἡμῖν</em></strong></span> <span class='ocrx_word' id='word_1_90' title='bbox 1206 1133 1261 1198; x_wconf 68' lang='grc' dir='ltr'><strong>δέ*</strong></span> 
     </span>
     <span class='ocr_line' id='line_1_10' title="bbox 161 1215 1262 1305; baseline -0.004 -19"><span class='ocrx_word' id='word_1_91' title='bbox 161 1226 254 1300; x_wconf 75' lang='lat' dir='ltr'><strong>dune,</strong></span> <span class='ocrx_word' id='word_1_92' title='bbox 280 1220 357 1285; x_wconf 71' lang='lat' dir='ltr'><strong>nerei</strong></span> <span class='ocrx_word' id='word_1_93' title='bbox 384 1218 509 1305; x_wconf 78' lang='grc' dir='ltr'><strong><em>καιροῶς</em></strong></span> <span class='ocrx_word' id='word_1_94' title='bbox 527 1215 747 1302; x_wconf 77' lang='grc' dir='ltr'><strong><em>ὀπτανόμενος,</em></strong></span> <span class='ocrx_word' id='word_1_95' title='bbox 776 1216 853 1302; x_wconf 75' lang='grc' dir='ltr'><strong><em>πρδς</em></strong></span> <span class='ocrx_word' id='word_1_96' title='bbox 871 1216 1021 1302; x_wconf 79' lang='grc' dir='ltr'><strong><em>βοήθειαν</em></strong></span> <span class='ocrx_word' id='word_1_97' title='bbox 1039 1225 1095 1301; x_wconf 81' lang='grc' dir='ltr'><strong>τῆς</strong></span> <span class='ocrx_word' id='word_1_98' title='bbox 1116 1219 1262 1304; x_wconf 69' lang='grc' dir='ltr'><strong><em>ἡμετέρας</em></strong></span> 
     </span>
     <span class='ocr_line' id='line_1_11' title="bbox 163 1303 1262 1388; baseline -0.005 -18"><span class='ocrx_word' id='word_1_99' title='bbox 163 1303 337 1385; x_wconf 65' lang='grc' dir='ltr'><strong><em>ἀσθενείας,</em></strong></span> <span class='ocrx_word' id='word_1_100' title='bbox 359 1311 415 1388; x_wconf 82' lang='lat' dir='ltr'><strong>qui</strong></span> <span class='ocrx_word' id='word_1_101' title='bbox 436 1306 572 1387; x_wconf 84' lang='lat' dir='ltr'><strong>quodam</strong></span> <span class='ocrx_word' id='word_1_102' title='bbox 596 1319 725 1385; x_wconf 80' lang='lat' dir='ltr'><strong>tenepore</strong></span> <span class='ocrx_word' id='word_1_103' title='bbox 743 1308 845 1378; x_wconf 75' lang='grc' dir='ltr'><strong><em>νὶοαο,</em></strong></span> <span class='ocrx_word' id='word_1_104' title='bbox 867 1304 911 1364; x_wconf 86' lang='lat' dir='ltr'><strong>ad</strong></span> <span class='ocrx_word' id='word_1_105' title='bbox 928 1307 1120 1384; x_wconf 75' lang='lat' dir='ltr'><strong>infirmitatis</strong></span> <span class='ocrx_word' id='word_1_106' title='bbox 1140 1318 1262 1364; x_wconf 75' lang='lat' dir='ltr'><strong>neutrae</strong></span> 
     </span>
     <span class='ocr_line' id='line_1_12' title="bbox 163 1391 1261 1472; baseline -0.002 -22"><span class='ocrx_word' id='word_1_107' title='bbox 163 1394 317 1451; x_wconf 68' lang='lat' dir='ltr'><strong>auxilium</strong></span> <span class='ocrx_word' id='word_1_108' title='bbox 331 1394 410 1472; x_wconf 78' lang='lat' dir='ltr'><strong>leger</strong></span> <span class='ocrx_word' id='word_1_109' title='bbox 423 1393 510 1456; x_wconf 80' lang='lat' dir='ltr'><strong>nobie</strong></span> <span class='ocrx_word' id='word_1_110' title='bbox 526 1391 676 1450; x_wconf 78' lang='lat' dir='ltr'><strong>tradidie:</strong></span> <span class='ocrx_word' id='word_1_111' title='bbox 697 1411 800 1450; x_wconf 78' lang='lat' dir='ltr'><strong>aeneus</strong></span> <span class='ocrx_word' id='word_1_112' title='bbox 816 1399 874 1467; x_wconf 86' lang='lat' dir='ltr'><strong>eet,</strong></span> <span class='ocrx_word' id='word_1_113' title='bbox 899 1394 953 1470; x_wconf 83' lang='lat' dir='ltr'><strong>qui</strong></span> <span class='ocrx_word' id='word_1_114' title='bbox 966 1394 1066 1449; x_wconf 79' lang='lat' dir='ltr'><strong>vnriie</strong></span> <span class='ocrx_word' id='word_1_115' title='bbox 1077 1391 1261 1471; x_wconf 68' lang='lat' dir='ltr'><strong>temporibus</strong></span> 
     </span>
     <span class='ocr_line' id='line_1_13' title="bbox 163 1473 1261 1558; baseline -0.001 -23"><span class='ocrx_word' id='word_1_116' title='bbox 163 1499 314 1556; x_wconf 80' lang='lat' dir='ltr'><strong>appurrne</strong></span> <span class='ocrx_word' id='word_1_117' title='bbox 335 1480 414 1558; x_wconf 76' lang='lat' dir='ltr'><strong>leger</strong></span> <span class='ocrx_word' id='word_1_118' title='bbox 431 1478 518 1537; x_wconf 83' lang='lat' dir='ltr'><strong>nobie</strong></span> <span class='ocrx_word' id='word_1_119' title='bbox 537 1475 624 1536; x_wconf 77' lang='lat' dir='ltr'><strong>dedit·</strong></span> <span class='ocrx_word' id='word_1_120' title='bbox 637 1475 681 1534; x_wconf 85' lang='lat' dir='ltr'><strong>ad</strong></span> <span class='ocrx_word' id='word_1_121' title='bbox 698 1487 819 1535; x_wconf 77' lang='lat' dir='ltr'><strong>neutrae</strong></span> <span class='ocrx_word' id='word_1_122' title='bbox 833 1477 1024 1554; x_wconf 62' lang='lat' dir='ltr'><strong>infirmitatis*</strong></span> <span class='ocrx_word' id='word_1_123' title='bbox 1038 1477 1207 1535; x_wconf 79' lang='lat' dir='ltr'><strong>auxilium:</strong></span> <span class='ocrx_word' id='word_1_124' title='bbox 1228 1473 1261 1535; x_wconf 90' lang='lat' dir='ltr'><strong>id</strong></span> 
     </span>
     <span class='ocr_line' id='line_1_14' title="bbox 163 1553 1260 1642; baseline 0.002 -22"><span class='ocrx_word' id='word_1_125' title='bbox 163 1563 246 1642; x_wconf 85' lang='lat' dir='ltr'><strong>quod</strong></span> <span class='ocrx_word' id='word_1_126' title='bbox 259 1563 379 1623; x_wconf 81' lang='lat' dir='ltr'><strong>Goemae</strong></span> <span class='ocrx_word' id='word_1_127' title='bbox 403 1563 445 1622; x_wconf 81' lang='lat' dir='ltr'><strong>ait</strong></span> <span class='ocrx_word' id='word_1_128' title='bbox 456 1563 528 1630; x_wconf 74' lang='lat'><strong>294.</strong></span> <span class='ocrx_word' id='word_1_129' title='bbox 542 1563 576 1623; x_wconf 78' lang='grc' dir='ltr'><strong>Δ.</strong></span> <span class='ocrx_word' id='word_1_130' title='bbox 590 1557 665 1624; x_wconf 79' lang='grc' dir='ltr'><strong><em>κακῶ</em></strong></span> <span class='ocrx_word' id='word_1_131' title='bbox 683 1557 790 1642; x_wconf 77' lang='grc' dir='ltr'><strong><em>καιρῶν</em></strong></span> <span class='ocrx_word' id='word_1_132' title='bbox 805 1553 1007 1640; x_wconf 80' lang='grc' dir='ltr'><strong><em>ὀπτανόμενος</em></strong></span> <span class='ocrx_word' id='word_1_133' title='bbox 1013 1609 1022 1638; x_wconf 97' lang='grc'><strong><em>,</em></strong></span> <span class='ocrx_word' id='word_1_134' title='bbox 1043 1558 1120 1642; x_wconf 76' lang='grc' dir='ltr'><strong><em>πρὸς</em></strong></span> <span class='ocrx_word' id='word_1_135' title='bbox 1132 1557 1186 1635; x_wconf 69' lang='grc' dir='ltr'><strong><em>τοὶς</em></strong></span> <span class='ocrx_word' id='word_1_136' title='bbox 1199 1583 1260 1623; x_wconf 87' lang='grc' dir='ltr'><strong><em>πα-</em></strong></span> 
     </span>
     <span class='ocr_line' id='line_1_15' title="bbox 161 1645 1261 1729; baseline -0.005 -21"><span class='ocrx_word' id='word_1_137' title='bbox 161 1645 338 1729; x_wconf 76' lang='grc' dir='ltr'><strong><em>ρακειμένας</em></strong></span> <span class='ocrx_word' id='word_1_138' title='bbox 358 1649 471 1729; x_wconf 79' lang='grc' dir='ltr'><strong><em>χρείας·</em></strong></span> <span class='ocrx_word' id='word_1_139' title='bbox 500 1647 552 1706; x_wconf 91' lang='lat' dir='ltr'><strong>ubi</strong></span> <span class='ocrx_word' id='word_1_140' title='bbox 574 1655 656 1706; x_wconf 86' lang='lat' dir='ltr'><strong>recte</strong></span> <span class='ocrx_word' id='word_1_141' title='bbox 674 1646 849 1725; x_wconf 77' lang='lat' dir='ltr'><strong>interpreer-</strong></span> <span class='ocrx_word' id='word_1_142' title='bbox 865 1649 954 1705; x_wconf 81' lang='lat' dir='ltr'><strong>vario</strong></span> <span class='ocrx_word' id='word_1_143' title='bbox 976 1658 1106 1724; x_wconf 81' lang='lat' dir='ltr'><strong>tempore</strong></span> <span class='ocrx_word' id='word_1_144' title='bbox 1123 1667 1183 1724; x_wconf 87' lang='lat' dir='ltr'><strong>pro</strong></span> <span class='ocrx_word' id='word_1_145' title='bbox 1209 1649 1261 1704; x_wconf 84' lang='grc' dir='ltr'><strong><em>ι’κ-</em></strong></span> 
     </span>
     <span class='ocr_line' id='line_1_16' title="bbox 161 1730 1260 1809; baseline 0 -19"><span class='ocrx_word' id='word_1_146' title='bbox 161 1732 318 1791; x_wconf 71' lang='lat' dir='ltr'><strong>orantium</strong></span> <span class='ocrx_word' id='word_1_147' title='bbox 331 1732 560 1792; x_wconf 78' lang='lat' dir='ltr'><strong>neeeeeitate&#39;due</strong></span> <span class='ocrx_word' id='word_1_148' title='bbox 578 1735 674 1792; x_wconf 70' lang='lat' dir='ltr'><strong>visua.</strong></span> <span class='ocrx_word' id='word_1_149' title='bbox 715 1731 750 1788; x_wconf 88' lang='lat' dir='ltr'><strong>ln</strong></span> <span class='ocrx_word' id='word_1_150' title='bbox 767 1730 901 1790; x_wconf 85' lang='lat' dir='ltr'><strong>Concilio</strong></span> <span class='ocrx_word' id='word_1_151' title='bbox 917 1732 1060 1790; x_wconf 85' lang='lat' dir='ltr'><strong>Trullnno</strong></span> <span class='ocrx_word' id='word_1_152' title='bbox 1076 1743 1192 1809; x_wconf 88' lang='lat' dir='ltr'><strong>quoqne</strong></span> <span class='ocrx_word' id='word_1_153' title='bbox 1206 1749 1260 1790; x_wconf 83' lang='lat' dir='ltr'><strong>eeu</strong></span> 
     </span>
     <span class='ocr_line' id='line_1_17' title="bbox 161 1809 1387 1898; baseline 0.001 -22"><span class='ocrx_word' id='word_1_154' title='bbox 161 1817 341 1891; x_wconf 84' lang='lat' dir='ltr'><strong>Quinieexto</strong></span> <span class='ocrx_word' id='word_1_155' title='bbox 364 1818 414 1877; x_wconf 90' lang='lat' dir='ltr'><strong>Ill.</strong></span> <span class='ocrx_word' id='word_1_156' title='bbox 434 1818 526 1884; x_wconf 88' lang='grc'><strong>1647.</strong></span> <span class='ocrx_word' id='word_1_157' title='bbox 548 1819 582 1878; x_wconf 89' lang='lat' dir='ltr'><strong>D.</strong></span> <span class='ocrx_word' id='word_1_158' title='bbox 595 1812 668 1891; x_wconf 77' lang='grc' dir='ltr'><strong>τούς</strong></span> <span class='ocrx_word' id='word_1_159' title='bbox 679 1813 712 1877; x_wconf 78' lang='grc' dir='ltr'><strong>ἐκ</strong></span> <span class='ocrx_word' id='word_1_160' title='bbox 722 1809 835 1896; x_wconf 86' lang='grc' dir='ltr'><strong><em>Ῥῶμης</em></strong></span> <span class='ocrx_word' id='word_1_161' title='bbox 849 1811 924 1877; x_wconf 72' lang='grc' dir='ltr'><strong><em>κατὰ</em></strong></span> <span class='ocrx_word' id='word_1_162' title='bbox 937 1811 1062 1898; x_wconf 78' lang='grc' dir='ltr'><strong><em>καιροῶς</em></strong></span> <span class='ocrx_word' id='word_1_163' title='bbox 1077 1811 1260 1879; x_wconf 79' lang='grc' dir='ltr'><strong><em>α’ποσταλέν·</em></strong></span> <span class='ocrx_word' id='word_1_164' title='bbox 1386 1837 1387 1842; x_wconf 71' lang='grc'>’</span> 
     </span>
    </p>

    <p class='ocr_par' dir='ltr' id='par_1_3' title="bbox 133 1895 1284 1981">
     <span class='ocr_line' id='line_1_18' title="bbox 133 1895 1284 1981; baseline -0.007 -15"><span class='ocrx_word' id='word_1_165' title='bbox 133 1953 138 1958; x_wconf 91' lang='grc'><strong>.</strong></span> <span class='ocrx_word' id='word_1_166' title='bbox 159 1925 228 1981; x_wconf 79' lang='grc' dir='ltr'><strong><em>τας,</em></strong></span> <span class='ocrx_word' id='word_1_167' title='bbox 248 1913 337 1963; x_wconf 79' lang='lat' dir='ltr'><strong>vetur</strong></span> <span class='ocrx_word' id='word_1_168' title='bbox 351 1904 450 1964; x_wconf 77' lang='lat' dir='ltr'><strong>verrio</strong></span> <span class='ocrx_word' id='word_1_169' title='bbox 462 1902 583 1962; x_wconf 89' lang='lat' dir='ltr'><strong>omnino</strong></span> <span class='ocrx_word' id='word_1_170' title='bbox 598 1922 660 1960; x_wconf 90' lang='lat' dir='ltr'><strong>non</strong></span> <span class='ocrx_word' id='word_1_171' title='bbox 673 1900 758 1960; x_wconf 88' lang='lat' dir='ltr'><strong>illum</strong></span> <span class='ocrx_word' id='word_1_172' title='bbox 779 1901 1068 1980; x_wconf 81' lang='lat' dir='ltr'><strong>expreeriteeneum.</strong></span> <span class='ocrx_word' id='word_1_173' title='bbox 1259 1895 1284 1950; x_wconf 84' lang='lat' dir='ltr'>D</span> 
     </span>
    </p>

    <p class='ocr_par' dir='ltr' id='par_1_4' title="bbox 154 1982 1257 2326">
     <span class='ocr_line' id='line_1_19' title="bbox 243 1982 1257 2066; baseline -0.005 -19"><span class='ocrx_word' id='word_1_174' title='bbox 243 1986 322 2047; x_wconf 84' lang='lat' dir='ltr'><strong>Ibid.</strong></span> <span class='ocrx_word' id='word_1_175' title='bbox 342 1986 409 2050; x_wconf 77' lang='lat' dir='ltr'><strong>ead.</strong></span> <span class='ocrx_word' id='word_1_176' title='bbox 431 1989 485 2051; x_wconf 79' lang='lat' dir='ltr'><strong>lin.</strong></span> <span class='ocrx_word' id='word_1_177' title='bbox 510 1989 630 2066; x_wconf 74' lang='grc' dir='ltr'><strong><em>δίδυμοι</em></strong></span> <span class='ocrx_word' id='word_1_178' title='bbox 654 1982 774 2064; x_wconf 74' lang='grc' dir='ltr'><strong><em>ἄνδρες]</em></strong></span> <span class='ocrx_word' id='word_1_179' title='bbox 798 1985 898 2044; x_wconf 80' lang='lat' dir='ltr'><strong>Simile</strong></span> <span class='ocrx_word' id='word_1_180' title='bbox 920 1987 982 2045; x_wconf 88' lang='lat' dir='ltr'><strong>fere</strong></span> <span class='ocrx_word' id='word_1_181' title='bbox 995 1993 1165 2044; x_wconf 72' lang='lat' dir='ltr'><strong>monstrum</strong></span> <span class='ocrx_word' id='word_1_182' title='bbox 1182 1983 1257 2042; x_wconf 86' lang='lat' dir='ltr'><strong>Em-</strong></span> 
     </span>
     <span class='ocr_line' id='line_1_20' title="bbox 154 2069 1257 2150; baseline -0.002 -20"><span class='ocrx_word' id='word_1_183' title='bbox 154 2082 280 2131; x_wconf 87' lang='lat' dir='ltr'><strong>·maunte</strong></span> <span class='ocrx_word' id='word_1_184' title='bbox 300 2073 334 2131; x_wconf 91' lang='lat' dir='ltr'><strong>in</strong></span> <span class='ocrx_word' id='word_1_185' title='bbox 354 2073 521 2132; x_wconf 72' lang='lat' dir='ltr'><strong>Palaestine</strong></span> <span class='ocrx_word' id='word_1_186' title='bbox 541 2070 690 2131; x_wconf 72' lang='lat' dir='ltr'><strong>exstitisse</strong></span> <span class='ocrx_word' id='word_1_187' title='bbox 710 2069 905 2150; x_wconf 75' lang='lat' dir='ltr'><strong>Theophanes</strong></span> <span class='ocrx_word' id='word_1_188' title='bbox 929 2081 1034 2130; x_wconf 86' lang='lat' dir='ltr'><strong>auctor</strong></span> <span class='ocrx_word' id='word_1_189' title='bbox 1057 2079 1101 2129; x_wconf 88' lang='lat' dir='ltr'><strong>eet</strong></span> <span class='ocrx_word' id='word_1_190' title='bbox 1118 2069 1257 2128; x_wconf 88' lang='lat' dir='ltr'><strong>Chrono-</strong></span> 
     </span>
     <span class='ocr_line' id='line_1_21' title="bbox 158 2153 1257 2238; baseline -0.004 -22"><span class='ocrx_word' id='word_1_191' title='bbox 158 2155 264 2237; x_wconf 81' lang='lat' dir='ltr'><strong>graplr.</strong></span> <span class='ocrx_word' id='word_1_192' title='bbox 287 2163 339 2222; x_wconf 82' lang='lat'><strong>60.</strong></span> <span class='ocrx_word' id='word_1_193' title='bbox 361 2157 396 2218; x_wconf 79' lang='lat' dir='ltr'><strong>A.</strong></span> <span class='ocrx_word' id='word_1_194' title='bbox 438 2157 522 2216; x_wconf 81' lang='lat' dir='ltr'><strong>Alior</strong></span> <span class='ocrx_word' id='word_1_195' title='bbox 538 2153 726 2238; x_wconf 71' lang='lat' dir='ltr'><strong>portentosos</strong></span> <span class='ocrx_word' id='word_1_196' title='bbox 747 2165 867 2236; x_wconf 76' lang='lat' dir='ltr'><strong>partun,</strong></span> <span class='ocrx_word' id='word_1_197' title='bbox 890 2155 1014 2232; x_wconf 88' lang='lat' dir='ltr'><strong>geminis</strong></span> <span class='ocrx_word' id='word_1_198' title='bbox 1029 2156 1061 2214; x_wconf 94' lang='lat' dir='ltr'><strong>in</strong></span> <span class='ocrx_word' id='word_1_199' title='bbox 1074 2175 1166 2214; x_wconf 88' lang='lat' dir='ltr'><strong>unum</strong></span> <span class='ocrx_word' id='word_1_200' title='bbox 1181 2173 1257 2213; x_wconf 85' lang='lat' dir='ltr'><strong>oon-</strong></span> 
     </span>
     <span class='ocr_line' id='line_1_22' title="bbox 159 2239 1256 2326; baseline -0.002 -26"><span class='ocrx_word' id='word_1_201' title='bbox 159 2242 267 2318; x_wconf 83' lang='lat' dir='ltr'><strong>oretie,</strong></span> <span class='ocrx_word' id='word_1_202' title='bbox 288 2251 462 2302; x_wconf 84' lang='lat' dir='ltr'><strong>enumerant</strong></span> <span class='ocrx_word' id='word_1_203' title='bbox 477 2244 534 2302; x_wconf 88' lang='lat' dir='ltr'><strong>Leo</strong></span> <span class='ocrx_word' id='word_1_204' title='bbox 552 2240 742 2308; x_wconf 81' lang='lat' dir='ltr'><strong>Grammatic.</strong></span> <span class='ocrx_word' id='word_1_205' title='bbox 757 2239 980 2322; x_wconf 81' lang='lat' dir='ltr'><strong>Chronogreph.</strong></span> <span class='ocrx_word' id='word_1_206' title='bbox 991 2244 1063 2309; x_wconf 83' lang='grc'><strong>508.</strong></span> <span class='ocrx_word' id='word_1_207' title='bbox 1081 2241 1113 2301; x_wconf 88' lang='lat' dir='ltr'><strong>C.</strong></span> <span class='ocrx_word' id='word_1_208' title='bbox 1126 2241 1256 2326; x_wconf 71' lang='lat' dir='ltr'><strong>Zonaras</strong></span> 
     </span>
    </p>
   </div>
   <div class='ocr_carea' id='block_1_3' title="bbox 46 2325 739 2406">
    <p class='ocr_par' dir='ltr' id='par_1_5' title="bbox 1 2279 739 2406">
     <span class='ocr_line' id='line_1_23' title="bbox 46 2325 739 2406; baseline -0.022 -6.976"><span class='ocrx_word' id='word_1_209' title='bbox 46 2365 48 2370; x_wconf 56' lang='lat'><strong><em>¹</em></strong></span> <span class='ocrx_word' id='word_1_210' title='bbox 158 2325 195 2391; x_wconf 80' lang='grc' dir='ltr'><strong>Π.</strong></span> <span class='ocrx_word' id='word_1_211' title='bbox 218 2331 288 2393; x_wconf 78' lang='grc'><strong>192.</strong></span> <span class='ocrx_word' id='word_1_212' title='bbox 302 2327 336 2390; x_wconf 85' lang='grc' dir='ltr'><strong>Δ.</strong></span> <span class='ocrx_word' id='word_1_213' title='bbox 351 2327 479 2388; x_wconf 75' lang='lat' dir='ltr'><strong>michael</strong></span> <span class='ocrx_word' id='word_1_214' title='bbox 492 2328 602 2406; x_wconf 82' lang='lat' dir='ltr'><strong>Glycae</strong></span> <span class='ocrx_word' id='word_1_215' title='bbox 616 2329 687 2392; x_wconf 78' lang='grc'><strong>301.</strong></span> <span class='ocrx_word' id='word_1_216' title='bbox 706 2326 739 2384; x_wconf 87' lang='grc'><strong>1).</strong></span> 
     </span>
    </p>
   </div>
   <div class='ocr_carea' id='block_1_4' title="bbox 82 2403 1366 4364">
    <p class='ocr_par' dir='ltr' id='par_1_6' title="bbox 82 2403 1314 2998">
     <span class='ocr_line' id='line_1_24' title="bbox 243 2403 1256 2492; baseline -0.004 -21"><span class='ocrx_word' id='word_1_217' title='bbox 243 2410 319 2471; x_wconf 74' lang='lat' dir='ltr'><strong>leid</strong></span> <span class='ocrx_word' id='word_1_218' title='bbox 342 2413 396 2473; x_wconf 84' lang='lat' dir='ltr'><strong>lin.</strong></span> <span class='ocrx_word' id='word_1_219' title='bbox 418 2418 466 2480; x_wconf 89' lang='grc'><strong>17.</strong></span> <span class='ocrx_word' id='word_1_220' title='bbox 489 2404 581 2486; x_wconf 78' lang='grc' dir='ltr'><strong><em>αὖθις</em></strong></span> <span class='ocrx_word' id='word_1_221' title='bbox 602 2415 657 2473; x_wconf 79' lang='grc' dir='ltr'><strong>τοῦ</strong></span> <span class='ocrx_word' id='word_1_222' title='bbox 672 2403 747 2492; x_wconf 75' lang='grc' dir='ltr'><strong><em>ἦρος</em></strong></span> <span class='ocrx_word' id='word_1_223' title='bbox 760 2403 1010 2490; x_wconf 76' lang='grc' dir='ltr'><strong><em>οἷναλᾶμψαντος]</em></strong></span> <span class='ocrx_word' id='word_1_224' title='bbox 1035 2410 1075 2468; x_wconf 85' lang='lat' dir='ltr'><strong>lle</strong></span> <span class='ocrx_word' id='word_1_225' title='bbox 1088 2408 1147 2469; x_wconf 85' lang='lat' dir='ltr'><strong>hae</strong></span> <span class='ocrx_word' id='word_1_226' title='bbox 1166 2428 1256 2489; x_wconf 86' lang='lat' dir='ltr'><strong>expe-</strong></span> 
     </span>
     <span class='ocr_line' id='line_1_25' title="bbox 157 2494 1256 2582; baseline -0.001 -27"><span class='ocrx_word' id='word_1_227' title='bbox 157 2494 274 2556; x_wconf 81' lang='lat' dir='ltr'><strong>ditione</strong></span> <span class='ocrx_word' id='word_1_228' title='bbox 287 2499 417 2577; x_wconf 82' lang='lat' dir='ltr'><strong>Syriaca,</strong></span> <span class='ocrx_word' id='word_1_229' title='bbox 439 2519 465 2560; x_wconf 87' lang='lat' dir='ltr'><strong>a.</strong></span> <span class='ocrx_word' id='word_1_230' title='bbox 478 2496 551 2565; x_wconf 79' lang='lat'><strong>974.</strong></span> <span class='ocrx_word' id='word_1_231' title='bbox 565 2506 717 2574; x_wconf 71' lang='lat' dir='ltr'><strong>surrepta,</strong></span> <span class='ocrx_word' id='word_1_232' title='bbox 739 2495 809 2556; x_wconf 80' lang='lat' dir='ltr'><strong>vide</strong></span> <span class='ocrx_word' id='word_1_233' title='bbox 819 2495 914 2575; x_wconf 79' lang='lat' dir='ltr'><strong>ipsine</strong></span> <span class='ocrx_word' id='word_1_234' title='bbox 934 2495 1095 2554; x_wconf 84' lang='lat' dir='ltr'><strong>Tzirniecee</strong></span> <span class='ocrx_word' id='word_1_235' title='bbox 1110 2497 1256 2582; x_wconf 79' lang='lat' dir='ltr'><strong>laureatae</strong></span> 
     </span>
     <span class='ocr_line' id='line_1_26' title="bbox 156 2580 1273 2661; baseline -0.001 -22"><span class='ocrx_word' id='word_1_236' title='bbox 156 2581 261 2660; x_wconf 82' lang='lat' dir='ltr'><strong>plenae</strong></span> <span class='ocrx_word' id='word_1_237' title='bbox 276 2603 394 2661; x_wconf 88' lang='lat' dir='ltr'><strong>rerum,</strong></span> <span class='ocrx_word' id='word_1_238' title='bbox 418 2581 456 2643; x_wconf 85' lang='lat' dir='ltr'><strong>nd</strong></span> <span class='ocrx_word' id='word_1_239' title='bbox 472 2581 578 2642; x_wconf 82' lang='lat' dir='ltr'><strong>Aehod</strong></span> <span class='ocrx_word' id='word_1_240' title='bbox 591 2580 721 2640; x_wconf 83' lang='lat' dir='ltr'><strong>Schehin</strong></span> <span class='ocrx_word' id='word_1_241' title='bbox 736 2581 890 2639; x_wconf 81' lang='lat' dir='ltr'><strong>Armeniae</strong></span> <span class='ocrx_word' id='word_1_242' title='bbox 915 2601 1014 2658; x_wconf 81' lang='lat' dir='ltr'><strong>regem</strong></span> <span class='ocrx_word' id='word_1_243' title='bbox 1029 2581 1121 2656; x_wconf 82' lang='lat' dir='ltr'><strong>datae,</strong></span> <span class='ocrx_word' id='word_1_244' title='bbox 1143 2581 1177 2640; x_wconf 92' lang='lat' dir='ltr'><strong>in</strong></span> <span class='ocrx_word' id='word_1_245' title='bbox 1192 2583 1273 2638; x_wconf 63' lang='lat' dir='ltr'><strong>Del-¹</strong></span> 
     </span>
     <span class='ocr_line' id='line_1_27' title="bbox 82 2663 1256 2746; baseline 0.002 -26"><span class='ocrx_word' id='word_1_246' title='bbox 82 2695 86 2702; x_wconf 92' lang='lat'>·</span> <span class='ocrx_word' id='word_1_247' title='bbox 136 2701 139 2708; x_wconf 92' lang='lat'>·</span> <span class='ocrx_word' id='word_1_248' title='bbox 157 2667 232 2730; x_wconf 67' lang='lat' dir='ltr'><strong>tuidi</strong></span> <span class='ocrx_word' id='word_1_249' title='bbox 246 2663 283 2724; x_wconf 85' lang='lat' dir='ltr'><strong>de</strong></span> <span class='ocrx_word' id='word_1_250' title='bbox 297 2667 331 2724; x_wconf 83' lang='lat' dir='ltr'><strong>lo</strong></span> <span class='ocrx_word' id='word_1_251' title='bbox 339 2689 436 2746; x_wconf 83' lang='lat' dir='ltr'><strong>prem.</strong></span> <span class='ocrx_word' id='word_1_252' title='bbox 451 2666 550 2746; x_wconf 70' lang='lat' dir='ltr'><strong>expeti.</strong></span> <span class='ocrx_word' id='word_1_253' title='bbox 566 2666 618 2724; x_wconf 81' lang='lat' dir='ltr'><strong>dee</strong></span> <span class='ocrx_word' id='word_1_254' title='bbox 629 2667 784 2726; x_wconf 70' lang='lat' dir='ltr'><strong>Chretiene</strong></span> <span class='ocrx_word' id='word_1_255' title='bbox 797 2664 878 2724; x_wconf 68' lang='lat' dir='ltr'><strong>dane</strong></span> <span class='ocrx_word' id='word_1_256' title='bbox 890 2667 923 2725; x_wconf 82' lang='lat' dir='ltr'><strong>la</strong></span> <span class='ocrx_word' id='word_1_257' title='bbox 936 2667 1100 2737; x_wconf 83' lang='lat' dir='ltr'><strong>Peleeline,</strong></span> <span class='ocrx_word' id='word_1_258' title='bbox 1117 2664 1256 2724; x_wconf 72' lang='lat' dir='ltr'><strong>traducite</strong></span> 
     </span>
     <span class='ocr_line' id='line_1_28' title="bbox 158 2744 1254 2832; baseline 0.005 -28"><span class='ocrx_word' id='word_1_259' title='bbox 158 2746 196 2804; x_wconf 84' lang='lat' dir='ltr'><strong>de</strong></span> <span class='ocrx_word' id='word_1_260' title='bbox 217 2744 238 2805; x_wconf 83' lang='lat' dir='ltr'><strong>l’</strong></span> <span class='ocrx_word' id='word_1_261' title='bbox 253 2771 329 2812; x_wconf 81' lang='lat' dir='ltr'><strong>urm.</strong></span> <span class='ocrx_word' id='word_1_262' title='bbox 345 2775 380 2809; x_wconf 86' lang='lat' dir='ltr'><strong>en</strong></span> <span class='ocrx_word' id='word_1_263' title='bbox 398 2755 542 2828; x_wconf 66' lang='lat' dir='ltr'><strong>franceis</strong></span> <span class='ocrx_word' id='word_1_264' title='bbox 553 2773 618 2829; x_wconf 83' lang='lat' dir='ltr'><strong>pur</strong></span> <span class='ocrx_word' id='word_1_265' title='bbox 632 2753 666 2811; x_wconf 77' lang='lat' dir='ltr'><strong>F.</strong></span> <span class='ocrx_word' id='word_1_266' title='bbox 686 2753 814 2828; x_wconf 72' lang='lat' dir='ltr'><strong>Martio,</strong></span> <span class='ocrx_word' id='word_1_267' title='bbox 834 2751 868 2810; x_wconf 90' lang='lat' dir='ltr'><strong>in</strong></span> <span class='ocrx_word' id='word_1_268' title='bbox 882 2754 1006 2832; x_wconf 75' lang='lat' dir='ltr'><strong>Magne.</strong></span> <span class='ocrx_word' id='word_1_269' title='bbox 1019 2753 1182 2830; x_wconf 72' lang='lat' dir='ltr'><strong>EneyeIop.</strong></span> <span class='ocrx_word' id='word_1_270' title='bbox 1199 2753 1254 2810; x_wconf 57' lang='lat' dir='ltr'><strong>Se*</strong></span> 
     </span>
     <span class='ocr_line' id='line_1_29' title="bbox 153 2833 1255 2916; baseline 0.008 -30"><span class='ocrx_word' id='word_1_271' title='bbox 153 2833 283 2908; x_wconf 83' lang='lat' dir='ltr'><strong>ptembr.</strong></span> <span class='ocrx_word' id='word_1_272' title='bbox 309 2838 399 2900; x_wconf 90' lang='grc'><strong>1811.</strong></span> <span class='ocrx_word' id='word_1_273' title='bbox 412 2857 442 2914; x_wconf 83' lang='lat' dir='ltr'><strong>p-</strong></span> <span class='ocrx_word' id='word_1_274' title='bbox 464 2841 507 2901; x_wconf 79' lang='lat'><strong>22</strong></span> <span class='ocrx_word' id='word_1_275' title='bbox 525 2867 568 2881; x_wconf 92' lang='lat'><strong>·-</strong></span> <span class='ocrx_word' id='word_1_276' title='bbox 585 2835 636 2901; x_wconf 84' lang='grc'><strong>34.</strong></span> <span class='ocrx_word' id='word_1_277' title='bbox 652 2855 815 2914; x_wconf 77' lang='lat' dir='ltr'><strong>operaeque</strong></span> <span class='ocrx_word' id='word_1_278' title='bbox 829 2837 961 2915; x_wconf 88' lang='lat' dir='ltr'><strong>pretium</strong></span> <span class='ocrx_word' id='word_1_279' title='bbox 975 2837 1047 2914; x_wconf 89' lang='lat' dir='ltr'><strong>erit,</strong></span> <span class='ocrx_word' id='word_1_280' title='bbox 1070 2837 1188 2916; x_wconf 81' lang='lat' dir='ltr'><strong>singula</strong></span> <span class='ocrx_word' id='word_1_281' title='bbox 1201 2857 1255 2895; x_wconf 89' lang='lat' dir='ltr'><strong>oa-</strong></span> 
     </span>
     <span class='ocr_line' id='line_1_30' title="bbox 157 2915 1314 2998; baseline 0.008 -25"><span class='ocrx_word' id='word_1_282' title='bbox 157 2915 223 2996; x_wconf 86' lang='lat' dir='ltr'><strong>pita</strong></span> <span class='ocrx_word' id='word_1_283' title='bbox 238 2915 381 2994; x_wconf 78' lang='lat' dir='ltr'><strong>epistolae</strong></span> <span class='ocrx_word' id='word_1_284' title='bbox 394 2939 461 2978; x_wconf 86' lang='lat' dir='ltr'><strong>curn</strong></span> <span class='ocrx_word' id='word_1_285' title='bbox 476 2921 645 2978; x_wconf 79' lang='lat' dir='ltr'><strong>narratione</strong></span> <span class='ocrx_word' id='word_1_286' title='bbox 660 2921 766 2994; x_wconf 74' lang='lat' dir='ltr'><strong>Leonis</strong></span> <span class='ocrx_word' id='word_1_287' title='bbox 782 2921 926 2980; x_wconf 80' lang='lat' dir='ltr'><strong>conferre.</strong></span> <span class='ocrx_word' id='word_1_288' title='bbox 1310 2985 1314 2998; x_wconf 65' lang='grc'><strong><em>,</em></strong></span> 
     </span>
    </p>

    <p class='ocr_par' dir='ltr' id='par_1_7' title="bbox 153 2999 1366 4364">
     <span class='ocr_line' id='line_1_31' title="bbox 242 2999 1254 3085; baseline 0.007 -24"><span class='ocrx_word' id='word_1_289' title='bbox 242 2999 321 3062; x_wconf 70' lang='lat' dir='ltr'><strong>leid.</strong></span> <span class='ocrx_word' id='word_1_290' title='bbox 343 3002 398 3064; x_wconf 81' lang='lat' dir='ltr'><strong>lin.</strong></span> <span class='ocrx_word' id='word_1_291' title='bbox 420 3009 472 3070; x_wconf 79' lang='lat'><strong>20.</strong></span> <span class='ocrx_word' id='word_1_292' title='bbox 492 3008 687 3082; x_wconf 72' lang='grc' dir='ltr'><strong><em>προφητικῶς</em></strong></span> <span class='ocrx_word' id='word_1_293' title='bbox 713 3003 827 3082; x_wconf 79' lang='grc' dir='ltr'><strong><em>εἰπεῖν]</em></strong></span> <span class='ocrx_word' id='word_1_294' title='bbox 852 3004 1110 3077; x_wconf 86' lang='lat' dir='ltr'><strong>Quemadmodum</strong></span> <span class='ocrx_word' id='word_1_295' title='bbox 1133 3007 1254 3085; x_wconf 78' lang='grc' dir='ltr'><strong><em>προφῆ-</em></strong></span> 
     </span>
     <span class='ocr_line' id='line_1_32' title="bbox 156 3087 1254 3249; baseline 0.002 -19"><span class='ocrx_word' id='word_1_296' title='bbox 156 3087 1178 3249; x_wconf 53' lang='lat' dir='ltr'><strong>:tiftl.:tit‘ttttt‘lt‘iiwt&#39;ttti?t..attulisti?</strong></span> <span class='ocrx_word' id='word_1_297' title='bbox 1197 3089 1254 3232; x_wconf 63' lang='lat' dir='ltr'><strong>tt</strong></span> 
     </span>
     <span class='ocr_line' id='line_1_33' title="bbox 157 3195 1253 3340; baseline 0.005 -25"><span class='ocrx_word' id='word_1_298' title='bbox 157 3257 228 3317; x_wconf 82' lang='lat' dir='ltr'><strong>olea.</strong></span> <span class='ocrx_word' id='word_1_299' title='bbox 250 3258 286 3316; x_wconf 90' lang='lat'><strong>11.</strong></span> <span class='ocrx_word' id='word_1_300' title='bbox 308 3195 458 3337; x_wconf 50' lang='grc'><strong>87413,</strong></span> <span class='ocrx_word' id='word_1_301' title='bbox 480 3257 521 3316; x_wconf 93' lang='lat' dir='ltr'><strong>ita</strong></span> <span class='ocrx_word' id='word_1_302' title='bbox 540 3263 734 3340; x_wconf 73' lang='grc' dir='ltr'><strong><em>προφητικῶς</em></strong></span> <span class='ocrx_word' id='word_1_303' title='bbox 755 3258 851 3320; x_wconf 83' lang='grc' dir='ltr'><strong><em>εἰπεῖν</em></strong></span> <span class='ocrx_word' id='word_1_304' title='bbox 867 3259 1134 3337; x_wconf 80' lang='grc' dir='ltr'><strong><em>νοΙπροφηιικῶς</em></strong></span> <span class='ocrx_word' id='word_1_305' title='bbox 1155 3252 1253 3336; x_wconf 80' lang='grc' dir='ltr'><strong><em>φοὶναι</em></strong></span> 
     </span>
     <span class='ocr_line' id='line_1_34' title="bbox 156 3341 1366 3422; baseline 0 -22"><span class='ocrx_word' id='word_1_306' title='bbox 156 3362 372 3422; x_wconf 85' lang='lat' dir='ltr'><strong>nonnunquam</strong></span> <span class='ocrx_word' id='word_1_307' title='bbox 396 3342 573 3403; x_wconf 82' lang='lat' dir='ltr'><strong>vertendum</strong></span> <span class='ocrx_word' id='word_1_308' title='bbox 589 3352 647 3418; x_wconf 86' lang='lat' dir='ltr'><strong>eet,</strong></span> <span class='ocrx_word' id='word_1_309' title='bbox 671 3354 706 3401; x_wconf 84' lang='grc' dir='ltr'><strong>ιιι</strong></span> <span class='ocrx_word' id='word_1_310' title='bbox 720 3364 788 3402; x_wconf 85' lang='lat' dir='ltr'><strong>oum</strong></span> <span class='ocrx_word' id='word_1_311' title='bbox 808 3341 923 3401; x_wconf 72' lang='lat' dir='ltr'><strong>divinia</strong></span> <span class='ocrx_word' id='word_1_312' title='bbox 938 3343 1115 3409; x_wconf 80' lang='lat' dir='ltr'><strong>doctoribna</strong></span> <span class='ocrx_word' id='word_1_313' title='bbox 1128 3344 1251 3422; x_wconf 87' lang='lat' dir='ltr'><strong>loquar,</strong></span> <span class='ocrx_word' id='word_1_314' title='bbox 1269 3351 1300 3405; x_wconf 80' lang='grc' dir='ltr'><strong>Ρ.</strong></span> <span class='ocrx_word' id='word_1_315' title='bbox 1316 3353 1366 3410; x_wconf 77' lang='lat'><strong>251</strong></span> 
     </span>
     <span class='ocr_line' id='line_1_35' title="bbox 156 3428 1253 3509; baseline 0.003 -24"><span class='ocrx_word' id='word_1_316' title='bbox 156 3428 225 3486; x_wconf 88' lang='lat' dir='ltr'><strong>loco</strong></span> <span class='ocrx_word' id='word_1_317' title='bbox 245 3449 284 3487; x_wconf 87' lang='lat' dir='ltr'><strong>ex</strong></span> <span class='ocrx_word' id='word_1_318' title='bbox 299 3431 328 3488; x_wconf 90' lang='lat' dir='ltr'><strong>S.</strong></span> <span class='ocrx_word' id='word_1_319' title='bbox 345 3428 498 3508; x_wconf 80' lang='lat' dir='ltr'><strong>Scriptura</strong></span> <span class='ocrx_word' id='word_1_320' title='bbox 516 3428 694 3506; x_wconf 82' lang='lat' dir='ltr'><strong>generatim,</strong></span> <span class='ocrx_word' id='word_1_321' title='bbox 716 3449 777 3488; x_wconf 89' lang='lat' dir='ltr'><strong>non</strong></span> <span class='ocrx_word' id='word_1_322' title='bbox 792 3449 830 3488; x_wconf 81' lang='lat' dir='ltr'><strong>er</strong></span> <span class='ocrx_word' id='word_1_323' title='bbox 842 3428 993 3509; x_wconf 82' lang='lat' dir='ltr'><strong>propheta</strong></span> <span class='ocrx_word' id='word_1_324' title='bbox 1009 3429 1127 3506; x_wconf 86' lang='lat' dir='ltr'><strong>aliquo,</strong></span> <span class='ocrx_word' id='word_1_325' title='bbox 1150 3430 1253 3495; x_wconf 84' lang='lat' dir='ltr'><strong>allato.</strong></span> 
     </span>
     <span class='ocr_line' id='line_1_36' title="bbox 156 3512 1252 3596; baseline 0.005 -24"><span class='ocrx_word' id='word_1_326' title='bbox 156 3512 320 3591; x_wconf 74' lang='lat' dir='ltr'><strong>Gregorius</strong></span> <span class='ocrx_word' id='word_1_327' title='bbox 330 3513 488 3594; x_wconf 81' lang='lat' dir='ltr'><strong>Presbyter</strong></span> <span class='ocrx_word' id='word_1_328' title='bbox 497 3515 567 3574; x_wconf 90' lang='lat' dir='ltr'><strong>Vita</strong></span> <span class='ocrx_word' id='word_1_329' title='bbox 578 3517 607 3572; x_wconf 94' lang='lat' dir='ltr'><strong>S.</strong></span> <span class='ocrx_word' id='word_1_330' title='bbox 617 3514 753 3592; x_wconf 84' lang='lat' dir='ltr'><strong>Gregorii</strong></span> <span class='ocrx_word' id='word_1_331' title='bbox 762 3515 899 3574; x_wconf 77' lang='lat' dir='ltr'><strong>Neriene.</strong></span> <span class='ocrx_word' id='word_1_332' title='bbox 913 3515 936 3574; x_wconf 87' lang='lat'><strong>1.</strong></span> <span class='ocrx_word' id='word_1_333' title='bbox 951 3535 1043 3574; x_wconf 80' lang='lat' dir='ltr'><strong>cxxx.</strong></span> <span class='ocrx_word' id='word_1_334' title='bbox 1056 3514 1091 3574; x_wconf 78' lang='lat' dir='ltr'><strong>G.</strong></span> <span class='ocrx_word' id='word_1_335' title='bbox 1105 3517 1167 3576; x_wconf 80' lang='grc' dir='ltr'><strong>τῶν</strong></span> <span class='ocrx_word' id='word_1_336' title='bbox 1180 3538 1252 3596; x_wconf 90' lang='grc' dir='ltr'><strong><em>προ-</em></strong></span> 
     </span>
     <span class='ocr_line' id='line_1_37' title="bbox 156 3593 1252 3751; baseline 0 -92"><span class='ocrx_word' id='word_1_337' title='bbox 156 3593 411 3742; x_wconf 52' lang='grc' dir='ltr'><strong><em>ρορτικεῶνιρῖξίομς</em></strong></span> <span class='ocrx_word' id='word_1_338' title='bbox 422 3603 554 3698; x_wconf 56' lang='lat' dir='ltr'><strong>peruias·</strong></span> <span class='ocrx_word' id='word_1_339' title='bbox 573 3599 818 3751; x_wconf 59' lang='grc' dir='ltr'><strong>ἑιέδὶἓαοέιρλὴρο</strong></span> <span class='ocrx_word' id='word_1_340' title='bbox 833 3621 849 3659; x_wconf 91' lang='lat' dir='ltr'><strong>e</strong></span> <span class='ocrx_word' id='word_1_341' title='bbox 861 3600 975 3660; x_wconf 75' lang='lat' dir='ltr'><strong>Psalmo</strong></span> <span class='ocrx_word' id='word_1_342' title='bbox 991 3621 1064 3660; x_wconf 69' lang='grc' dir='ltr'><strong>κον.</strong></span> <span class='ocrx_word' id='word_1_343' title='bbox 1077 3601 1252 3747; x_wconf 64' lang='lat' dir='ltr'><strong>Aponpmpe</strong></span> 
     </span>
     <span class='ocr_line' id='line_1_38' title="bbox 153 3687 1251 3854; baseline 0.002 -26"><span class='ocrx_word' id='word_1_344' title='bbox 153 3703 635 3854; x_wconf 65' lang='grc' dir='ltr'><strong>.1.“...ι...“.“.ῑ.’..ἰ“ὲῖ”.1’....</strong></span> <span class='ocrx_word' id='word_1_345' title='bbox 650 3729 712 3832; x_wconf 63' lang='grc' dir='ltr'><strong>ι’...</strong></span> <span class='ocrx_word' id='word_1_346' title='bbox 734 3687 1158 3850; x_wconf 60' lang='lat' dir='ltr'><strong>sititutf&#39;l&#39;ttfi</strong></span> <span class='ocrx_word' id='word_1_347' title='bbox 1167 3707 1251 3830; x_wconf 61' lang='lat' dir='ltr'><strong>tit:</strong></span> 
     </span>
     <span class='ocr_line' id='line_1_39' title="bbox 153 3851 1251 3938; baseline 0.009 -30"><span class='ocrx_word' id='word_1_348' title='bbox 153 3851 226 3910; x_wconf 89' lang='lat' dir='ltr'><strong>item</strong></span> <span class='ocrx_word' id='word_1_349' title='bbox 235 3861 330 3912; x_wconf 76' lang='lat' dir='ltr'><strong>exstat</strong></span> <span class='ocrx_word' id='word_1_350' title='bbox 340 3852 373 3911; x_wconf 91' lang='lat' dir='ltr'><strong>in</strong></span> <span class='ocrx_word' id='word_1_351' title='bbox 385 3855 632 3916; x_wconf 68' lang='lat' dir='ltr'><strong>psalmum.</strong></span> <span class='ocrx_word' id='word_1_352' title='bbox 642 3860 690 3922; x_wconf 89' lang='lat'><strong>11.</strong></span> <span class='ocrx_word' id='word_1_353' title='bbox 700 3857 820 3916; x_wconf 87' lang='lat' dir='ltr'><strong>Simeon</strong></span> <span class='ocrx_word' id='word_1_354' title='bbox 827 3855 1039 3938; x_wconf 81' lang='lat' dir='ltr'><strong>Metnphraetee</strong></span> <span class='ocrx_word' id='word_1_355' title='bbox 1046 3857 1115 3916; x_wconf 83' lang='lat' dir='ltr'><strong>Vita</strong></span> <span class='ocrx_word' id='word_1_356' title='bbox 1123 3859 1150 3915; x_wconf 91' lang='lat' dir='ltr'><strong>S.</strong></span> <span class='ocrx_word' id='word_1_357' title='bbox 1157 3856 1251 3934; x_wconf 81' lang='lat' dir='ltr'><strong>lgnet.</strong></span> 
     </span>
     <span class='ocr_line' id='line_1_40' title="bbox 153 3933 1251 4024; baseline 0.001 -21"><span class='ocrx_word' id='word_1_358' title='bbox 153 3936 295 3996; x_wconf 70' lang='lat' dir='ltr'><strong>Antioch·</strong></span> <span class='ocrx_word' id='word_1_359' title='bbox 307 3939 377 4004; x_wconf 79' lang='lat'><strong>143.</strong></span> <span class='ocrx_word' id='word_1_360' title='bbox 386 3940 419 3998; x_wconf 89' lang='lat' dir='ltr'><strong>B.</strong></span> <span class='ocrx_word' id='word_1_361' title='bbox 442 3939 504 4002; x_wconf 74' lang='grc' dir='ltr'><strong>Καὶ</strong></span> <span class='ocrx_word' id='word_1_362' title='bbox 515 3933 643 4016; x_wconf 75' lang='grc' dir='ltr'><strong><em>ἐπάταξα</em></strong></span> <span class='ocrx_word' id='word_1_363' title='bbox 651 3935 766 4024; x_wconf 76' lang='grc' dir='ltr'><strong><em>Κύριος</em></strong></span> <span class='ocrx_word' id='word_1_364' title='bbox 777 3938 921 4018; x_wconf 71' lang='lat' dir='ltr'><strong>adelade,</strong></span> <span class='ocrx_word' id='word_1_365' title='bbox 937 3946 1132 4024; x_wconf 78' lang='grc' dir='ltr'><strong><em>προφητικῶς</em></strong></span> <span class='ocrx_word' id='word_1_366' title='bbox 1145 3942 1251 4018; x_wconf 77' lang='grc' dir='ltr'><strong><em>εἰπεῖν,</em></strong></span> 
     </span>
     <span class='ocr_line' id='line_1_41' title="bbox 154 4017 1251 4108; baseline 0.004 -26"><span class='ocrx_word' id='word_1_367' title='bbox 154 4019 225 4101; x_wconf 71' lang='grc' dir='ltr'><strong><em>περὶ</em></strong></span> <span class='ocrx_word' id='word_1_368' title='bbox 244 4017 492 4104; x_wconf 78' lang='grc' dir='ltr'><strong><em>τῆςῶναιρέσεως</em></strong></span> <span class='ocrx_word' id='word_1_369' title='bbox 506 4029 562 4088; x_wconf 79' lang='grc' dir='ltr'><strong>νοῶ</strong></span> <span class='ocrx_word' id='word_1_370' title='bbox 582 4027 718 4088; x_wconf 81' lang='grc' dir='ltr'><strong><em>6ικοι1οο’</em></strong></span> <span class='ocrx_word' id='word_1_371' title='bbox 742 4027 851 4104; x_wconf 83' lang='lat' dir='ltr'><strong>verba,</strong></span> <span class='ocrx_word' id='word_1_372' title='bbox 872 4027 1008 4108; x_wconf 87' lang='lat' dir='ltr'><strong>adquae</strong></span> <span class='ocrx_word' id='word_1_373' title='bbox 1032 4027 1157 4102; x_wconf 83' lang='lat' dir='ltr'><strong>alludit,</strong></span> <span class='ocrx_word' id='word_1_374' title='bbox 1179 4035 1251 4086; x_wconf 83' lang='lat' dir='ltr'><strong>eunt</strong></span> 
     </span>
     <span class='ocr_line' id='line_1_42' title="bbox 153 4104 1251 4197; baseline 0.008 -33"><span class='ocrx_word' id='word_1_375' title='bbox 153 4104 358 4168; x_wconf 80' lang='lat' dir='ltr'><strong>Exodxxxu.</strong></span> <span class='ocrx_word' id='word_1_376' title='bbox 374 4109 425 4175; x_wconf 84' lang='lat'><strong>85.</strong></span> <span class='ocrx_word' id='word_1_377' title='bbox 446 4110 522 4170; x_wconf 89' lang='lat' dir='ltr'><strong>Item</strong></span> <span class='ocrx_word' id='word_1_378' title='bbox 533 4111 644 4197; x_wconf 79' lang='lat' dir='ltr'><strong>legitur</strong></span> <span class='ocrx_word' id='word_1_379' title='bbox 654 4117 848 4194; x_wconf 76' lang='grc' dir='ltr'><strong><em>προφητικῶς</em></strong></span> <span class='ocrx_word' id='word_1_380' title='bbox 859 4115 891 4172; x_wconf 91' lang='lat' dir='ltr'><strong>in</strong></span> <span class='ocrx_word' id='word_1_381' title='bbox 906 4113 1030 4174; x_wconf 69' lang='lat' dir='ltr'><strong>Eusebio</strong></span> <span class='ocrx_word' id='word_1_382' title='bbox 1048 4115 1158 4175; x_wconf 83' lang='lat' dir='ltr'><strong>Contra</strong></span> <span class='ocrx_word' id='word_1_383' title='bbox 1172 4114 1251 4173; x_wconf 85' lang='lat' dir='ltr'><strong>Mar-</strong></span> 
     </span>
     <span class='ocr_line' id='line_1_43' title="bbox 154 4191 1250 4279; baseline 0.005 -29"><span class='ocrx_word' id='word_1_384' title='bbox 154 4192 221 4252; x_wconf 83' lang='lat' dir='ltr'><strong>cell.</strong></span> <span class='ocrx_word' id='word_1_385' title='bbox 240 4191 291 4258; x_wconf 81' lang='grc'><strong>43.</strong></span> <span class='ocrx_word' id='word_1_386' title='bbox 316 4191 352 4253; x_wconf 81' lang='grc' dir='ltr'><strong>Δ.</strong></span> <span class='ocrx_word' id='word_1_387' title='bbox 379 4194 432 4261; x_wconf 81' lang='grc'><strong>49.</strong></span> <span class='ocrx_word' id='word_1_388' title='bbox 452 4196 486 4253; x_wconf 89' lang='grc'><strong>1).</strong></span> <span class='ocrx_word' id='word_1_389' title='bbox 510 4198 561 4262; x_wconf 78' lang='lat'><strong>82.</strong></span> <span class='ocrx_word' id='word_1_390' title='bbox 582 4197 617 4257; x_wconf 84' lang='grc' dir='ltr'><strong>Δ.</strong></span> <span class='ocrx_word' id='word_1_391' title='bbox 632 4197 713 4277; x_wconf 86' lang='lat' dir='ltr'><strong>apud</strong></span> <span class='ocrx_word' id='word_1_392' title='bbox 727 4197 861 4278; x_wconf 75' lang='lat' dir='ltr'><strong>aliosque</strong></span> <span class='ocrx_word' id='word_1_393' title='bbox 876 4199 1060 4279; x_wconf 79' lang='lat' dir='ltr'><strong>complures,</strong></span> <span class='ocrx_word' id='word_1_394' title='bbox 1081 4200 1133 4260; x_wconf 90' lang='lat' dir='ltr'><strong>ubi</strong></span> <span class='ocrx_word' id='word_1_395' title='bbox 1149 4199 1250 4273; x_wconf 84' lang='lat' dir='ltr'><strong>verba,</strong></span> 
     </span>
     <span class='ocr_line' id='line_1_44' title="bbox 153 4277 1250 4364; baseline 0.006 -29"><span class='ocrx_word' id='word_1_396' title='bbox 153 4296 229 4355; x_wconf 87' lang='lat' dir='ltr'><strong>quae</strong></span> <span class='ocrx_word' id='word_1_397' title='bbox 247 4277 430 4356; x_wconf 82' lang='lat' dir='ltr'><strong>afferuntur,</strong></span> <span class='ocrx_word' id='word_1_398' title='bbox 451 4281 532 4361; x_wconf 84' lang='lat' dir='ltr'><strong>epnd</strong></span> <span class='ocrx_word' id='word_1_399' title='bbox 552 4281 716 4362; x_wconf 85' lang='lat' dir='ltr'><strong>Prophetae</strong></span> <span class='ocrx_word' id='word_1_400' title='bbox 731 4287 854 4364; x_wconf 87' lang='lat' dir='ltr'><strong>proprie</strong></span> <span class='ocrx_word' id='word_1_401' title='bbox 869 4286 914 4344; x_wconf 77' lang='lat' dir='ltr'><strong>rio</strong></span> <span class='ocrx_word' id='word_1_402' title='bbox 931 4286 1028 4346; x_wconf 78' lang='lat' dir='ltr'><strong>dictor</strong></span> <span class='ocrx_word' id='word_1_403' title='bbox 1043 4307 1107 4345; x_wconf 86' lang='lat' dir='ltr'><strong>non</strong></span> <span class='ocrx_word' id='word_1_404' title='bbox 1123 4292 1250 4345; x_wconf 84' lang='lat' dir='ltr'><strong>exetent.</strong></span> 
     </span>
    </p>
   </div>
   <div class='ocr_carea' id='block_1_5' title="bbox 152 4361 1250 4455">
    <p class='ocr_par' dir='ltr' id='par_1_8' title="bbox 152 4361 1250 4455">
     <span class='ocr_line' id='line_1_45' title="bbox 152 4361 1250 4455; baseline 0.006 -33"><span class='ocrx_word' id='word_1_405' title='bbox 152 4361 308 4428; x_wconf 75' lang='lat' dir='ltr'><strong>interdum</strong></span> <span class='ocrx_word' id='word_1_406' title='bbox 327 4373 426 4426; x_wconf 81' lang='lat' dir='ltr'><strong>temen</strong></span> <span class='ocrx_word' id='word_1_407' title='bbox 444 4365 653 4450; x_wconf 78' lang='lat' dir='ltr'><strong>intelliguntur</strong></span> <span class='ocrx_word' id='word_1_408' title='bbox 670 4368 730 4451; x_wconf 77' lang='lat' dir='ltr'><strong>ipsi</strong></span> <span class='ocrx_word' id='word_1_409' title='bbox 749 4369 923 4455; x_wconf 79' lang='lat' dir='ltr'><strong>prophetae.</strong></span> <span class='ocrx_word' id='word_1_410' title='bbox 965 4368 1055 4432; x_wconf 83' lang='lat' dir='ltr'><strong>Velut</strong></span> <span class='ocrx_word' id='word_1_411' title='bbox 1075 4369 1156 4455; x_wconf 70' lang='lat' dir='ltr'><strong>apid</strong></span> <span class='ocrx_word' id='word_1_412' title='bbox 1173 4372 1250 4431; x_wconf 79' lang='lat' dir='ltr'><strong>Gie-</strong></span> 
     </span>
    </p>
   </div>
   <div class='ocr_carea' id='block_1_6' title="bbox 0 0 1502 4796">
    <p class='ocr_par' dir='ltr' id='par_1_9' title="bbox 0 0 1502 4796">
     <span class='ocr_line' id='line_1_46' title="bbox 0 0 1502 4796; baseline 0 3"><span class='ocrx_word' id='word_1_413' title='bbox 0 0 1502 4796; x_wconf 95' lang='lat' dir='ltr'><strong> </strong></span> 
     </span>
    </p>
   </div>
  </div>
 </body>
</html>
