3038 4796
209 329 288 404 848
508 329 774 405 LUITPRANDI
793 331 992 402 LEGATIO

210 493 352 576 Soplsiam
369 491 552 572 ingreditur,
577 491 706 554 dominis
722 489 784 552 suis
803 489 1034 574 lmpemtoribns
1048 483 1087 553 ‘sa
1109 513 1127 552 ι
1145 493 1234 573 longe
1250 513 1299 555 sa·

209 595 383 675 quenulae,
400 604 429 654 et
443 594 478 654 in
489 593 573 676 pacis
586 594 689 657 osenla
705 594 745 653 ad
760 602 871 656 umam
883 614 975 674 usqua
990 594 1192 658 adorantibus.
1234 595 1298 655 Ar-

180 697 303 776 omigsr
314 695 402 757 liuius
414 697 520 776 sagius
535 695 647 756 mhmo
664 694 796 756 immissa
816 695 923 756 Aetam
940 693 984 776 ¹⁷)
1005 696 1037 754 in
1056 695 1188 756 Ecclesia
1202 697 1298 777 penit,

208 819 283 880 quae
301 797 510 880 prosequitur,
533 817 593 878 qno
614 797 759 858 nimitum
777 807 913 878 tempore
933 796 1080 877 imperare
1101 798 1248 878 coeperit,
1269 805 1298 856 et

206 901 252 962 sie
273 901 396 978 Aea-sm,
418 897 523 980 quiid
543 917 605 957 non
626 898 771 960 viderunt
777 943 787 978 ,
817 899 999 978 intelligunt.
1040 899 1105 960 Hae
1126 900 1227 960 eadem
1249 899 1297 958 die

208 1003 366 1066 convivam
383 1022 431 1062 me
451 1001 509 1062 sibi
524 1019 586 1062 esse
599 999 695 1060 iussit.
737 1000 806 1060 Non
823 1009 904 1061 ratus
924 1010 1024 1062 autem
1037 1021 1086 1060 me
1100 1002 1221 1080 dignum
1237 1021 1297 1062 esse

207 1104 339 1186 cuipiam
353 1123 475 1164 morum
490 1103 635 1184 praeponi
650 1103 826 1180 Procerum,
848 1103 971 1182 quintus
987 1102 1118 1164 decimus
1133 1105 1217 1164 abeo
1229 1103 1297 1163 abe·

207 1227 265 1287 que
283 1225 412 1286 gausape
432 1205 495 1267 sedi
504 1227 514 1286 5
536 1223 670 1265 meorum
683 1223 770 1264 neno
785 1205 929 1294 comitum
942 1225 1005 1264 non
1018 1203 1086 1264 dieo
1104 1205 1201 1264 solum
1217 1225 1297 1264 men-

208 1329 259 1368 aae
271 1329 333 1368 non
346 1307 471 1385 assedit,
491 1307 545 1368 sed
559 1327 656 1387 neque
671 1307 812 1385 domum,
832 1307 938 1388 inqua
953 1307 1080 1369 conviva
1095 1327 1190 1385 mam,
1210 1307 1296 1368 vidit.

206 1405 279 1488 Qus
293 1409 327 1470 in
340 1429 432 1470 coena
447 1406 591 1489 temporis
610 1407 701 1486 satis,
720 1417 751 1468 et
763 1409 926 1482 obseoena,
948 1409 1097 1470 ebriorum
1111 1429 1209 1486 more,
1231 1409 1295 1469 oleo

207 1511 353 1592 delibuta,
382 1511 498 1590 alioque
523 1509 654 1590 quodam
678 1509 838 1573 deterrimo
867 1511 997 1594 piscium
1026 1513 1143 1592 liquore
1170 1531 1296 1592 aspersa,

208 1612 304 1672 multa
324 1632 415 1694 super
438 1613 573 1694 potentia
594 1622 710 1693 vestra,
738 1614 832 1675 multa
852 1634 942 1695 super
966 1613 1074 1693 Regnis
1101 1623 1131 1674 et
1155 1613 1297 1673 militibus

177 1723 258 1779 Eme
276 1715 404 1795 rogavit.
445 1713 503 1775 Cui
524 1734 594 1776 eum
608 1727 821 1798 consequenter
841 1725 952 1779 etvere
964 1717 1192 1798 responderem:
1211 1733 1296 1776 men-

206 1817 293 1897 tiris,
315 1818 377 1880 sita
398 1816 514 1878 domiui
532 1817 578 1878 tui
589 1819 699 1880 milites
717 1821 869 1900 equitandi
889 1818 1003 1898 ignari,
1022 1819 1167 1900 pedestris
1182 1837 1297 1900 pugnae

207 1928 278 1979 sunt
296 1919 401 1998 inscii,
422 1931 575 1983 scutorum
594 1922 782 2002 magnitudo,
803 1922 966 1983 loricarum
984 1920 1159 2001 gravitudo,
1181 1920 1296 1981 ensium

207 2019 379 2100 longitudo,
400 2024 608 2105 galearumque
627 2023 747 2106 pondus
764 2033 872 2086 neutra
893 2034 978 2106 perte
996 2045 1046 2085 eos
1064 2043 1197 2105 pugnare
1215 2021 1296 2100 sinit,

207 2144 243 2184 ae
256 2124 427 2204 subn‘dens,
449 2126 588 2208 impedit,
607 2127 721 2208 inquit,
743 2147 793 2188 eos
806 2137 837 2186 et
849 2126 1051 2206 gastrimargia
1059 2171 1068 2204 ,
1089 2125 1148 2186 hoe
1163 2134 1208 2186 eat
1221 2144 1297 2185 ven-

205 2225 262 2286 tris
280 2226 446 2307 ingluvies,
474 2249 602 2309 quornm
616 2231 695 2291 Deus
715 2239 821 2290 venter
837 2238 897 2307 est,
919 2249 1046 2308 quorum
1068 2228 1207 2304 audacia,
1229 2247 1298 2287 crs·

93 2325 300 2419 1'3481puls3
321 2327 485 2410 fortitudo,
507 2332 632 2392 ebrietas
639 2355 649 2412 3
670 2331 831 2407 ieiunium,
854 2329 1028 2408 dissoluti03
1049 2350 1162 2411 pavor,
1183 2326 1299 2387 sobrie·

99 2397 158 2453 ω’
175 2399 191 2453 ¹
208 2438 263 2491 tas.
305 2429 366 2490 Nee
384 2439 429 2491 sat
443 2432 478 2493 iu
496 2434 572 2495 mari
591 2433 711 2495 domino
731 2443 786 2494 tuo
805 2433 944 2494 classium
957 2453 1107 2494 numerus.
1148 2430 1300 2508 Navigan-

206 2530 285 2590 tium
302 2531 450 2593 fortitudo
462 2535 538 2596 mihi
553 2537 609 2596 soli
629 2535 724 2613 inest,
747 2535 799 2616 qni
814 2555 882 2598 eum
896 2536 1039 2596 classibus
1053 2533 1206 2614 aggrediar
1219 2531 1299 2592 bello

206 2629 371 2692 maritimus
382 2631 446 2695 eius
463 2635 597 2697 civitatee
610 2637 763 2717 demoliar,
785 2647 816 2700 et
828 2657 904 2718 quse
917 2637 1090 2698 fluminibus
1103 2645 1175 2696 aunt
1187 2634 1299 2710 vicina,

204 2732 337 2813 ”dignm
349 2733 384 2796 in
401 2736 542 2803 suillum.
586 2738 679 2819 Quis,
699 2741 787 2820 cedo,
807 2739 883 2800 mihi
897 2741 984 2802 etiam
1002 2741 1035 2800 in
1050 2747 1131 2800 terra
1144 2738 1299 2818 copiarum

204 2835 358 2918 psucitate
377 2837 513 2901 resistens
531 2840 663 2921 poterit?
684 2843 768 2904 ¹iilius
789 2863 853 2904 non
873 2842 974 2904 affuit:
1002 2861 1083 2902 uxor
1103 2860 1166 2899 non
1188 2837 1297 2911 defuit3

205 2939 352 3017 Saxones,
375 2940 481 3018 Suevi,
506 2941 649 3022 Baioarii,
677 2945 774 3006 ltaliei
801 2966 905 3008 omnes
925 2965 995 3006 eum
1015 2963 1051 3004 eo
1072 2941 1238 3019 affuerunt,
1268 2949 1299 3000 et

206 3057 276 3104 eum
293 3041 478 3104 civitatulam
498 3064 587 3106 unam
606 3045 664 3106 aibi
684 3047 869 3109 resistentem
889 3065 995 3128 capere
1012 3045 1177 3122 nescirent,
1206 3043 1298 3103 immo

206 3145 383 3226 nequirent,
406 3148 556 3227 quomodo
574 3149 649 3210 mihi
667 3149 808 3210 resistent
828 3149 983 3211 venienti'l
1018 3167 1106 3228 quem
1127 3155 1175 3207 tot
1194 3145 1298 3228 copiae

205 3257 445 3330 prosequuntur,
477 3249 624 3330 Gargara
648 3265 722 3333 quot
749 3264 876 3334 segetes,
908 3261 983 3334 quot
1011 3249 1103 3309 habet
1123 3248 1299 3326 Methymna

207 3371 356 3424 racemos,
386 3351 469 3431 Quot
487 3348 607 3415 Gom
627 3355 755 3435 tuellas,
785 3367 858 3438 quot
878 3357 967 3416 Mare
986 3358 1021 3416 in
1035 3351 1174 3436 flatibus
1185 3349 1297 3412 endan

207 3451 263 3512 Cui
288 3473 358 3513 casm
382 3455 580 3535 respondere,
608 3467 639 3518 et
661 3456 888 3540 Apologetieum
913 3456 1036 3537 dignum
1060 3454 1216 3516 inflatione
1240 3454 1298 3514 lise

177 3555 344 3616 revomere
357 3555 464 3616 vellem
478 3577 541 3617 non
554 3559 704 3640 permisit;
730 3562 784 3622 sed
796 3560 905 3621 adiecit
918 3557 1002 3639 quasi
1015 3557 1054 3617 ad
1069 3556 1298 3618 contumeliam:

204 3677 259 3720 voe
278 3652 323 3739 17)
348 3674 411 3715 non
428 3657 572 3738 Romani,
595 3663 647 3722 sed
667 3662 856 3743 Langobardi
877 3661 958 3722 eatis.
1001 3660 1058 3720 Gui
1080 3658 1179 3730 adhue
1199 3658 1300 3718 diuers

204 3757 334 3835 volenti,
356 3766 388 3818 et
408 3778 502 3820 msnu
520 3771 556 3820 ut
575 3771 705 3824 mensem
720 3763 874 3840 innuenti,
896 3771 1061 3823 commotus
1076 3763 1212 3843 inquam:
1234 3760 1299 3822 lio—

205 3861 322 3922 mulum
340 3859 542 3940 iratrieidsm,
565 3883 604 3926 ex
626 3885 686 3946 quo
707 3876 737 3928 et
759 3865 883 3927 Romani
903 3865 977 3928 dieti
999 3875 1085 3943 sunt,
1105 3863 1301 3948 porniogeni-

241 4047 290 4116 16)
306 4047 347 4102 tt
364 4049 455 4100 Aruas.
473 4047 552 4102 Cas.
604 4049 652 4118 17)
670 4051 712 4104 Es·
730 4051 826 4108 Nicetes
846 4049 984 4120 cunata,
1003 4051 1178 4122 curandae,
1195 4057 1221 4104 et
1238 4049 1300 4102 aliis

272 4123 361 4170 estnon
378 4123 425 4184 eat,
443 4117 557 4172 Graecos
578 4136 671 4174 semen
687 4123 861 4175 Romanunm
878 4121 927 4173 sili
941 4123 1075 4192 prandeis
1091 4121 1196 4187 sesima
1231 4117 1300 4170 ilias

267 4190 387 4254 suetum,
409 4195 439 4240 su
457 4187 614 4243 θιοιοοιοιι
635 4191 748 4246 messus
763 4209 856 4245 nosses
872 4189 1047 4244 Ηοιιιιιοιοιι
1063 4199 1120 4245 tuas
1135 4189 1226 4241 tauta
1238 4191 1300 4256 [se-

272 4255 443 4382 qqtreequipgq
449 4275 510 4381 ¹quos
529 4259 623 4316 Grueei
639 4278 667 4318 ss
683 4263 749 4316 solos
766 4260 913 4327 msam,
929 4263 1040 4332 nettqsus
1054 4277 1116 4315 seso
1133 4257 1242 4314 tntu
1253 4273 1300 4310 ss—
