2984 4798
397 373 444 443 ur
463 366 1007 460 rmonosuecnoasas.·
1085 367 1089 385 “
1153 359 1234 440 eu

138 555 209 614 poso
223 525 344 612 blattae.
363 532 450 592 Hinc
462 529 586 594 boream,
596 523 698 610 αἷκραῆ
709 527 796 604 dicit,
819 553 879 592 non
887 553 945 611 per
964 552 1085 592 summa
1095 531 1238 614 flantem,

137 616 194 676 aed
201 620 310 697 potius
329 615 414 695 quod
430 637 490 676 non
504 619 548 674 eit
561 615 742 676 alliceretis
755 615 927 678 aclmlrtua:
949 617 1045 676 laua'us
1058 619 1136 676 enlm
1149 641 1239 699 ospe-

136 705 260 760 ritatem
270 700 458 780 reprehendit
465 695 620 760 Home-ao
628 723 658 758 eo
673 703 706 758 in
714 721 811 779 uersu,
824 703 970 762 terribilia
982 713 1026 760 est
1039 705 1136 761 mixta
1149 716 1237 763 vento

130 787 296 866 procella,
321 786 401 848 Fieri
419 796 521 846 tamen
535 784 652 865 potuit,
673 794 708 846 ut
721 785 907 848 Theodosius
920 807 996 850 roca
1009 781 1124 867 ἀκραὴς
1135 787 1238 852 latiori

135 871 225 930 modo
250 890 323 932 usus
344 871 384 930 sit
399 892 458 952 pro
473 889 662 952 quocumque
680 880 772 930 rento
787 871 958 932 indicando.
1003 871 1150 952 [Admisce
1164 893 1236 932 cor-

134 955 268 1015 rectione
282 965 394 1032 nostra,
412 949 511 1037 ὥσπερ
525 951 635 1036 ἄκριες,
648 955 744 1015 omnis
758 955 919 1017 difficultas
930 957 1064 1018 tollitur:
1078 955 1133 1035 ira,
1147 977 1238 1037 quana

133 1041 244 1100 milites
270 1041 439 1121 spirabant,
469 1049 641 1118 comparata
661 1061 729 1100 cum
758 1052 918 1102 ventorum
939 1041 1112 1102 turbinibus
1119 1085 1131 1118 ,
1162 1062 1238 1122 quos

133 1136 250 1186 montes
273 1125 425 1184 interdum
441 1125 581 1184 fundunt.
596 1126 628 1184 F.
641 1125 676 1206 1.]

220 1210 308 1292 [203.
327 1207 360 1271 ‘0
373 1204 585 1290 λαμπάδας-
599 1207 802 1290 λαμπηδόνας.
823 1205 922 1272 noctis
942 1209 1108 1290 ingruentis
1120 1211 1236 1272 descri-
1361 1263 1365 1272 .

134 1295 219 1374 ptio:
241 1295 310 1366 Sol,
333 1296 384 1374 qui
397 1295 511 1355 lucidas
525 1293 726 1375 pulchrasque
740 1291 946 1378 (καλοχρόαυς)
970 1297 1049 1356 laces
1062 1297 1144 1356 insto
1161 1306 1235 1356 tem·

132 1400 208 1460 pore
224 1379 320 1456 tollit,
340 1380 508 1458 iterumque
528 1379 662 1458 cohibet,
684 1382 858 1462 splendidos
879 1382 979 1442 radios
1001 1401 1070 1442 suos
1089 1381 1122 1440 iu
1145 1381 1236 1444 maris

132 1463 274 1524 fluctibus
298 1474 439 1542 tanquam
459 1465 493 1524 in
517 1465 638 1526 lavacro
657 1467 836 1526 extinxerat.
878 1467 1030 1527 Postrema
1051 1466 1126 1526 haec
1140 1467 1232 1546 vulga

131 1549 208 1608 male
229 1571 323 1610 verso.
343 1551 378 1610 F:
392 1549 427 1630 l.]

122 1681 125 1686 -
215 1637 287 1702 215.
310 1634 433 1714 Elabar]
455 1636 500 1694 lta
522 1635 638 1710 Codex,
668 1655 732 1694 nou
757 1628 866 1712 ζώους,
895 1643 931 1693 ut
950 1634 1045 1694 edidit
1066 1634 1232 1715 Cornelius,

130 1720 182 1801 qui
199 1729 298 1778 tamen
313 1717 417 1794 ξένους
433 1715 727 1780 emendandum'ease
739 1720 814 1779 bene
828 1719 953 1780 censuit.

215 1809 287 1870 219.
308 1801 396 1883 ’Υπὲρ
409 1804 510 1883 duda]
533 1805 655 1885 Aliquid
669 1805 700 1863 in
708 1805 767 1864 hoc
780 1824 870 1864 versu
879 1805 963 1862 deest
976 1801 1137 1863 adnumeri
1149 1823 1232 1863 com-

129 1889 331 1969 plementum,
353 1888 404 1948 sed
426 1889 458 1947 in
475 1889 582 1961 Codice
604 1889 683 1948 nihil
696 1889 824 1971 amplius
839 1890 985 1970 scriptum
997 1897 1132 1970 apparat,
1174 1890 1235 1948 La-

128 1974 258 2052 gendum
280 1975 357 2032 sorte
379 1978 469 2036 eota
484 1978 548 2038 σοῦ.
1126 1977 1131 1989 ’

214 2063 284 2126 227.
304 2051 543 2140 Arretinorum]
566 2060 689 2120 Terram
709 2058 909 2134 albicantem,
929 2065 1036 2137 utpote
1061 2058 1098 2118 ab
1115 2054 1233 2118 Aurora

127 2143 321 2217 illustratam,
341 2151 422 2202 recte
442 2141 534 2202 'vocor
556 2143 761 2218 Theodosius,
784 2164 819 2202 eo
839 2142 941 2220 modo,
963 2163 1023 2221 quo
1043 2143 1160 2202 Aurora
1175 2161 1232 2200 ex-

127 2230 243 2293 oriente
264 2227 409 2285 albescere
426 2227 523 2286 lucem
542 2229 620 2287 dixit
635 2229 778 2306 Virgilius
794 2228 866 2287 dan.
883 2227 934 2288 lib.
947 2227 998 2286 lv.
1017 2248 1045 2287 v.
1058 2229 1129 2295 586.
1173 2227 1232 2288 Sed

126 2313 252 2394 propius
273 2312 312 2370 ad
331 2332 397 2371 rem
412 2323 545 2374 nostram
560 2333 664 2392 agrum
680 2314 718 2372 ob
736 2315 871 2373 Aurorae
892 2312 996 2372 lumen
1013 2312 1161 2374 albentem
1176 2313 1232 2374 ds-

126 2397 248 2482 scripsit
266 2397 446 2458 Claudianus
464 2398 501 2458 de
515 2400 590 2480 Rap.
601 2399 651 2461 lib.
669 2399 719 2458 111.
733 2418 764 2459 v.
776 2403 848 2466 282.
864 2397 904 2457 ita
921 2401 1046 2458 canens:

287 2503 333 2562 Et
342 2509 446 2582 prima
459 2507 517 2566 sub
532 2507 598 2567 luce
613 2507 732 2588 legunt,
754 2527 824 2566 cum
839 2526 906 2564 rore
920 2525 1046 2564 aerenua

287 2588 381 2648 Albet
396 2613 488 2672 ager:

123 2687 328 2845 Egcfibsimilss
335 2695 423 2775 plane
434 2697 525 2758 modo
539 2696 619 2758 idem
634 2695 679 2759 sic
692 2697 819 2761 assuuit
833 2697 970 2760 Valerius
984 2697 1109 2759 Flaccus
1117 2695 1228 2777 Argon.

168 2817 175 2836 .
241 2798 270 2841 v.
336 2802 344 2836 ι

289 2883 415 2964 Jamque
426 2887 484 2946 sub
500 2889 585 2960 ane
603 2886 715 2948 dubios
728 2885 906 2950 Atlantidis
921 2891 1006 2969 ignee

288 2967 380 3028 Alter
401 2992 490 3052 ugera

122 3069 174 3149 qui
197 3069 285 3131 etiam
304 3073 362 3133 alio
380 3075 413 3136 in
426 3077 495 3136 loco
513 3075 587 3138 ibid.
605 3077 657 3142 lib.
670 3076 725 3138 Ill.
741 3079 853 3148 u258.
869 3077 907 3140 ab
923 3077 1002 3139 diem
1017 3086 1114 3139 ortam
1127 3089 1229 3140 turrea

121 3156 269 3220 albescere
284 3159 414 3239 scripsit.
1119 3225 1122 3232 .

205 3247 278 3312 229.-
302 3246 407 3325 Τείχει]
430 3247 554 3326 Septum
567 3244 653 3322 illud,
676 3266 728 3306 seu
742 3266 875 3326 aggerem
889 3268 906 3306 a
920 3246 1089 3327 Nicephoro
1107 3268 1163 3327 pro
1179 3245 1228 3310 out

121 3325 269 3386 exercitus
283 3331 447 3390 munimine
459 3332 516 3390 iam
532 3331 721 3392 aedificatum
735 3331 787 3392 hic
798 3333 946 3413 designari
957 3353 1013 3412 pro
1027 3344 1108 3394 carto
1121 3332 1226 3394 babeo.

115 3407 201 3467 andi
210 3411 335 3474 Leonem
347 3417 511 3476 Diaconum
526 3417 607 3498 apud
621 3417 743 3494 Pagium
761 3418 835 3478 crit.
849 3419 882 3478 in
895 3418 1003 3478 Annal.
1017 3417 1125 3480 baron.
1141 3418 1226 3482 Tom.

119 3491 172 3556 lll·
194 3514 259 3572 pag·
273 3500 351 3564 874:
375 3501 411 3560 A
426 3503 527 3562 littore
546 3501 592 3562 ad
603 3501 758 3562 Austrum
771 3514 923 3582 spectante
937 3514 1041 3582 coepta
1057 3495 1226 3583 structuris,

119 3575 166 3636 ad
178 3579 307 3638 alteram
331 3604 425 3664 usque
436 3591 551 3648 littoris
563 3599 700 3667 partem,
726 3587 809 3668 quod
828 3599 925 3648 terrae
945 3587 1134 3648 interiectum
1149 3597 1227 3662 erat,

119 3673 202 3741 septo
220 3666 413 3748 intercludit,
435 3695 473 3730 ne
494 3675 608 3732 scillcet
628 3673 754 3731 barbari
766 3695 827 3752 pro
850 3675 937 3734 tttno
952 3675 985 3732 in
1007 3674 1228 3754 ugrumfnoila

117 3745 235 3828 essendi
245 3765 368 3827 poscent
376 3800 385 3830 ,
407 3757 594 3840 liberumque
605 3761 668 3838 ipsi
681 3770 748 3819 erat
759 3780 902 3839 pugnam
915 3780 1076 3836 conserere,
1095 3771 1155 3820 aut
1166 3779 1228 3819 non

117 3853 267 3894 conserere
280 3857 349 3896 cum
361 3851 389 3897 et
404 3843 527 3907 luberet.

155 4002 162 4016 ,
201 3917 281 3981 Ibid.
297 3920 368 3984 Mla
382 3917 476 4008 α’κρῷ]
492 3928 648 3988 Cornelias
664 3928 758 3988 edidit
773 3933 879 4016 μικρῷ,
893 3938 924 3990 et
937 3927 1147 4008 corrigendum
1158 3947 1227 3988 can-

114 4009 312 4098 sunnone:
336 4009 387 4067 sed
402 4021 543 4072 neutrum
560 4012 668 4074 borum
684 4015 717 4073 in
731 4015 840 4076 Codice
853 4017 1001 4096 scriptum
1015 4034 1078 4074 esse
1091 4015 1223 4077 videtur.
1245 4030 1278 4088 Ρ,
1294 4032 1348 4091 382

114 4087 259 4165 Equidem
283 4087 338 4170 ula
356 4088 442 4178 α’κρῷ
462 4097 619 4174 legendum
641 4099 789 4177 arbitror,
812 4121 847 4159 eo
861 4101 955 4179 magia
970 4099 1052 4182 quod
1068 4100 1225 4180 monosyl÷
1242 4101 1301 4159 cot
1318 4108 1349 4159 1⁴

112 4172 181 4232 laba
196 4178 361 4238 necessario
375 4190 421 4239 est
437 4181 591 4260 addenda,
613 4193 648 4242 ut
667 4203 773 4244 versus
790 4205 928 4246 mansura
942 4195 1025 4245 recta
1041 4183 1204 4247 schabest.

155 4342 162 4355 ι
197 4257 274 4320 [bid.
297 4264 482 4347 Προσξέειν]
502 4265 610 4338 Eleos,
640 4265 861 4332 marescalcos
888 4271 1105 4353 interpretatur
1124 4271 1225 4349 Hesy-

112 4340 215 4422 cbaua,
242 4347 325 4427 quod
349 4351 472 4414 verbum
490 4373 549 4436 pro
573 4355 716 4418 mutando
745 4355 983 4440 instruendaque
1008 4355 1142 4416 exrcitu
1157 4375 1221 4416 non
