<?xml version="1.0" encoding="UTF-8"?>
<!DOCTYPE html PUBLIC "-//W3C//DTD XHTML 1.0 Transitional//EN"
    "http://www.w3.org/TR/xhtml1/DTD/xhtml1-transitional.dtd">
<html xmlns="http://www.w3.org/1999/xhtml" xml:lang="en" lang="en">
 <head>
  <title>
</title>
<meta http-equiv="Content-Type" content="text/html;charset=utf-8" />
  <meta name='ocr-system' content='tesseract 3.04.00' />
  <meta name='ocr-capabilities' content='ocr_page ocr_carea ocr_par ocr_line ocrx_word'/>
</head>
<body>
  <div class='ocr_page' id='page_1' title='image "./leonisdiaconica00liudgoog/leonisdiaconica00liudgoog_0252.png"; bbox 0 0 3064 4810; ppageno 0'>
   <div class='ocr_carea' id='block_1_1' title="bbox 280 342 1113 422">
    <p class='ocr_par' dir='ltr' id='par_1_1' title="bbox 280 342 1113 422">
     <span class='ocr_line' id='line_1_1' title="bbox 280 342 1113 422; baseline 0.01 -9"><span class='ocrx_word' id='word_1_1' title='bbox 280 342 355 413; x_wconf 75' lang='lat'><strong>208</strong></span> <span class='ocrx_word' id='word_1_2' title='bbox 531 349 590 416; x_wconf 88' lang='lat' dir='ltr'><strong>DE</strong></span> <span class='ocrx_word' id='word_1_3' title='bbox 610 347 909 418; x_wconf 82' lang='lat' dir='ltr'><strong>VELITATIONE</strong></span> <span class='ocrx_word' id='word_1_4' title='bbox 929 349 1113 422; x_wconf 82' lang='lat' dir='ltr'>BELLICA</span> 
     </span>
    </p>
   </div>
   <div class='ocr_carea' id='block_1_2' title="bbox 258 509 1367 606">
    <p class='ocr_par' dir='ltr' id='par_1_2' title="bbox 258 509 1367 606">
     <span class='ocr_line' id='line_1_2' title="bbox 258 509 1367 606; baseline 0.005 -30"><span class='ocrx_word' id='word_1_5' title='bbox 258 509 422 596; x_wconf 65' lang='grc' dir='ltr'><strong><em>’ἔκπληξιν</em></strong></span> <span class='ocrx_word' id='word_1_6' title='bbox 441 511 543 578; x_wconf 75' lang='grc' dir='ltr'><strong><em>αὐτῶν</em></strong></span> <span class='ocrx_word' id='word_1_7' title='bbox 564 513 615 577; x_wconf 75' lang='grc' dir='ltr'><strong><em>καὶ</em></strong></span> <span class='ocrx_word' id='word_1_8' title='bbox 636 509 818 598; x_wconf 70' lang='grc' dir='ltr'><strong><em>ἀπόγνωσιν.</em></strong></span> <span class='ocrx_word' id='word_1_9' title='bbox 854 513 881 578; x_wconf 80' lang='grc' dir='ltr'><strong>εί</strong></span> <span class='ocrx_word' id='word_1_10' title='bbox 901 513 934 578; x_wconf 75' lang='grc' dir='ltr'><strong>δὲ</strong></span> <span class='ocrx_word' id='word_1_11' title='bbox 955 512 987 578; x_wconf 70' lang='lat' dir='ltr'><strong>dv</strong></span> <span class='ocrx_word' id='word_1_12' title='bbox 1008 512 1093 602; x_wconf 80' lang='grc' dir='ltr'><strong><em>αὐτῷ</em></strong></span> <span class='ocrx_word' id='word_1_13' title='bbox 1113 518 1159 603; x_wconf 79' lang='grc' dir='ltr'><strong>τῷ</strong></span> <span class='ocrx_word' id='word_1_14' title='bbox 1179 510 1267 606; x_wconf 90' lang='grc' dir='ltr'><strong><em>τόπῳ</em></strong></span> <span class='ocrx_word' id='word_1_15' title='bbox 1281 513 1367 604; x_wconf 70' lang='grc' dir='ltr'><strong><em>ὕδωρ</em></strong></span> 
     </span>
    </p>
   </div>
   <div class='ocr_carea' id='block_1_3' title="bbox 96 612 1406 3070">
    <p class='ocr_par' dir='ltr' id='par_1_3' title="bbox 96 612 1406 3070">
     <span class='ocr_line' id='line_1_3' title="bbox 278 612 1368 706; baseline 0.005 -25"><span class='ocrx_word' id='word_1_16' title='bbox 278 613 462 702; x_wconf 80' lang='grc' dir='ltr'><strong><em>τοπαράπαν</em></strong></span> <span class='ocrx_word' id='word_1_17' title='bbox 479 615 534 680; x_wconf 84' lang='grc' dir='ltr'><strong>οάκ</strong></span> <span class='ocrx_word' id='word_1_18' title='bbox 549 612 612 680; x_wconf 72' lang='grc' dir='ltr'><strong><em>ἔστι</em></strong></span> <span class='ocrx_word' id='word_1_19' title='bbox 620 663 631 695; x_wconf 92' lang='grc'><strong><em>,</em></strong></span> <span class='ocrx_word' id='word_1_20' title='bbox 658 617 710 680; x_wconf 79' lang='grc' dir='ltr'><strong><em>καὶ</em></strong></span> <span class='ocrx_word' id='word_1_21' title='bbox 728 621 820 680; x_wconf 79' lang='grc' dir='ltr'><strong><em>τοῦτο</em></strong></span> <span class='ocrx_word' id='word_1_22' title='bbox 840 615 957 700; x_wconf 82' lang='grc' dir='ltr'><strong><em>πολλὴν</em></strong></span> <span class='ocrx_word' id='word_1_23' title='bbox 979 613 1119 700; x_wconf 67' lang='grc' dir='ltr'><strong><em>ἀθυμίαν</em></strong></span> <span class='ocrx_word' id='word_1_24' title='bbox 1140 616 1245 694; x_wconf 77' lang='grc' dir='ltr'><strong><em>αὐτοῖς</em></strong></span> <span class='ocrx_word' id='word_1_25' title='bbox 1257 623 1368 706; x_wconf 78' lang='grc' dir='ltr'><strong><em>πραξε-</em></strong></span> 
     </span>
     <span class='ocr_line' id='line_1_4' title="bbox 276 712 1367 803; baseline 0.004 -21"><span class='ocrx_word' id='word_1_26' title='bbox 276 715 376 801; x_wconf 76' lang='grc' dir='ltr'><strong><em>νῆσει·</em></strong></span> <span class='ocrx_word' id='word_1_27' title='bbox 403 720 454 782; x_wconf 78' lang='grc' dir='ltr'><strong><em>καὶ</em></strong></span> <span class='ocrx_word' id='word_1_28' title='bbox 476 720 503 783; x_wconf 85' lang='grc' dir='ltr'><strong>εί</strong></span> <span class='ocrx_word' id='word_1_29' title='bbox 514 717 559 802; x_wconf 79' lang='grc' dir='ltr'><strong>μὴ</strong></span> <span class='ocrx_word' id='word_1_30' title='bbox 573 717 681 794; x_wconf 84' lang='grc' dir='ltr'><strong><em>τελίως</em></strong></span> <span class='ocrx_word' id='word_1_31' title='bbox 693 713 823 794; x_wconf 84' lang='grc' dir='ltr'><strong><em>τοότους</em></strong></span> <span class='ocrx_word' id='word_1_32' title='bbox 842 719 1103 803; x_wconf 72' lang='grc' dir='ltr'><strong><em>καταγωνίσηται,</em></strong></span> <span class='ocrx_word' id='word_1_33' title='bbox 1131 717 1202 786; x_wconf 77' lang='grc' dir='ltr'><strong><em>ἀλλ’</em></strong></span> <span class='ocrx_word' id='word_1_34' title='bbox 1219 712 1275 786; x_wconf 69' lang='grc' dir='ltr'><strong>οὖν</strong></span> <span class='ocrx_word' id='word_1_35' title='bbox 1288 726 1367 786; x_wconf 89' lang='grc' dir='ltr'><strong><em>πολ-</em></strong></span> 
     </span>
     <span class='ocr_line' id='line_1_5' title="bbox 276 817 1364 908; baseline 0.003 -24"><span class='ocrx_word' id='word_1_36' title='bbox 276 818 350 896; x_wconf 87' lang='grc' dir='ltr'><strong><em>λοάς</em></strong></span> <span class='ocrx_word' id='word_1_37' title='bbox 381 845 413 908; x_wconf 84' lang='grc' dir='ltr'><strong><em>γι</em></strong></span> <span class='ocrx_word' id='word_1_38' title='bbox 439 817 559 886; x_wconf 76' lang='grc' dir='ltr'><strong><em>τούτων</em></strong></span> <span class='ocrx_word' id='word_1_39' title='bbox 588 819 823 908; x_wconf 89' lang='grc' dir='ltr'><strong><em>ἀνδραποδίσει,</em></strong></span> <span class='ocrx_word' id='word_1_40' title='bbox 851 823 1013 897; x_wconf 80' lang='grc' dir='ltr'><strong><em>πλείστους</em></strong></span> <span class='ocrx_word' id='word_1_41' title='bbox 1042 823 1077 887; x_wconf 82' lang='grc' dir='ltr'><strong>δὲ</strong></span> <span class='ocrx_word' id='word_1_42' title='bbox 1101 819 1364 902; x_wconf 61' lang='lat' dir='ltr'><strong>reicerentur,</strong></span> 
     </span>
     <span class='ocr_line' id='line_1_6' title="bbox 276 920 1391 1010; baseline -0.002 -22"><span class='ocrx_word' id='word_1_43' title='bbox 276 925 327 988; x_wconf 79' lang='grc' dir='ltr'><strong><em>καὶ</em></strong></span> <span class='ocrx_word' id='word_1_44' title='bbox 345 923 537 1010; x_wconf 79' lang='grc' dir='ltr'><strong><em>τραυματίας</em></strong></span> <span class='ocrx_word' id='word_1_45' title='bbox 555 920 734 1009; x_wconf 67' lang='grc' dir='ltr'><strong><em>ἐργάσεται,</em></strong></span> <span class='ocrx_word' id='word_1_46' title='bbox 761 925 813 987; x_wconf 78' lang='grc' dir='ltr'><strong><em>καί</em></strong></span> <span class='ocrx_word' id='word_1_47' title='bbox 835 921 871 990; x_wconf 77' lang='lat' dir='ltr'><strong>td</strong></span> <span class='ocrx_word' id='word_1_48' title='bbox 897 922 1075 1002; x_wconf 79' lang='grc' dir='ltr'><strong><em>ἀλαζονικὸν</em></strong></span> <span class='ocrx_word' id='word_1_49' title='bbox 1097 923 1200 990; x_wconf 82' lang='grc' dir='ltr'><strong><em>αάτῶν</em></strong></span> <span class='ocrx_word' id='word_1_50' title='bbox 1224 930 1391 1008; x_wconf 74' lang='grc' dir='ltr'><strong><em>κατάβα-5</em></strong></span> 
     </span>
     <span class='ocr_line' id='line_1_7' title="bbox 244 1023 1366 1116; baseline 0.004 -26"><span class='ocrx_word' id='word_1_51' title='bbox 244 1067 247 1074; x_wconf 69' lang='lat'><strong>,</strong></span> <span class='ocrx_word' id='word_1_52' title='bbox 275 1031 325 1091; x_wconf 83' lang='grc' dir='ltr'><strong><em>λεΐ</em></strong></span> <span class='ocrx_word' id='word_1_53' title='bbox 337 1023 502 1113; x_wconf 85' lang='grc' dir='ltr'><strong><em>ῳρόνημα·</em></strong></span> <span class='ocrx_word' id='word_1_54' title='bbox 529 1023 607 1090; x_wconf 78' lang='grc' dir='ltr'><strong><em>ὥστε</em></strong></span> <span class='ocrx_word' id='word_1_55' title='bbox 622 1026 667 1110; x_wconf 77' lang='grc' dir='ltr'><strong>μὴ</strong></span> <span class='ocrx_word' id='word_1_56' title='bbox 686 1025 784 1101; x_wconf 80' lang='grc' dir='ltr'><strong><em>ἀδεῶς</em></strong></span> <span class='ocrx_word' id='word_1_57' title='bbox 802 1031 1000 1116; x_wconf 77' lang='grc' dir='ltr'><strong><em>κατατολμᾷν</em></strong></span> <span class='ocrx_word' id='word_1_58' title='bbox 1017 1025 1099 1092; x_wconf 78' lang='grc' dir='ltr'><strong><em>κατὰ</em></strong></span> <span class='ocrx_word' id='word_1_59' title='bbox 1114 1031 1177 1092; x_wconf 83' lang='grc' dir='ltr'><strong>τῶν</strong></span> <span class='ocrx_word' id='word_1_60' title='bbox 1190 1023 1366 1111; x_wconf 74' lang='grc' dir='ltr'><strong><em>Ῥωμαὶκῶν</em></strong></span> 
     </span>
     <span class='ocr_line' id='line_1_8' title="bbox 272 1124 1366 1217; baseline 0.002 -23"><span class='ocrx_word' id='word_1_61' title='bbox 272 1132 395 1216; x_wconf 85' lang='grc' dir='ltr'><strong><em>χωρίων</em></strong></span> <span class='ocrx_word' id='word_1_62' title='bbox 410 1129 467 1204; x_wconf 81' lang='grc' dir='ltr'><strong>τδς</strong></span> <span class='ocrx_word' id='word_1_63' title='bbox 489 1124 621 1214; x_wconf 77' lang='grc' dir='ltr'><strong><em>ίῳόδους</em></strong></span> <span class='ocrx_word' id='word_1_64' title='bbox 638 1133 804 1194; x_wconf 71' lang='grc' dir='ltr'><strong><em>ποιεῖσθαι.</em></strong></span> <span class='ocrx_word' id='word_1_65' title='bbox 838 1131 865 1192; x_wconf 84' lang='grc' dir='ltr'><strong>εί</strong></span> <span class='ocrx_word' id='word_1_66' title='bbox 881 1129 915 1194; x_wconf 76' lang='grc' dir='ltr'><strong>δὲ</strong></span> <span class='ocrx_word' id='word_1_67' title='bbox 933 1129 978 1212; x_wconf 84' lang='grc' dir='ltr'><strong>μὴ</strong></span> <span class='ocrx_word' id='word_1_68' title='bbox 994 1126 1143 1216; x_wconf 87' lang='grc' dir='ltr'><strong><em>πρότερον</em></strong></span> <span class='ocrx_word' id='word_1_69' title='bbox 1160 1124 1176 1194; x_wconf 81' lang='grc' dir='ltr'><strong><em>ὅ</em></strong></span> <span class='ocrx_word' id='word_1_70' title='bbox 1196 1127 1366 1217; x_wconf 80' lang='grc' dir='ltr'><strong><em>στρατηγός</em></strong></span> 
     </span>
     <span class='ocr_line' id='line_1_9' title="bbox 208 1227 1365 1320; baseline 0.005 -28"><span class='ocrx_word' id='word_1_71' title='bbox 208 1295 210 1300; x_wconf 65' lang='grc'><strong><em>,</em></strong></span> <span class='ocrx_word' id='word_1_72' title='bbox 246 1233 385 1320; x_wconf 73' lang='grc' dir='ltr'><strong><em>Οίπιγνῷ</em></strong></span> <span class='ocrx_word' id='word_1_73' title='bbox 401 1230 457 1314; x_wconf 81' lang='grc' dir='ltr'><strong>τὴν</strong></span> <span class='ocrx_word' id='word_1_74' title='bbox 476 1229 536 1296; x_wconf 86' lang='grc' dir='ltr'><strong><em>ἀπὸ</em></strong></span> <span class='ocrx_word' id='word_1_75' title='bbox 546 1235 602 1295; x_wconf 72' lang='lat' dir='ltr'><strong>rori</strong></span> <span class='ocrx_word' id='word_1_76' title='bbox 618 1227 774 1314; x_wconf 80' lang='grc' dir='ltr'><strong><em>ἀπλὴκτου</em></strong></span> <span class='ocrx_word' id='word_1_77' title='bbox 791 1228 894 1296; x_wconf 76' lang='grc' dir='ltr'><strong><em>αὐτῶν</em></strong></span> <span class='ocrx_word' id='word_1_78' title='bbox 909 1231 941 1295; x_wconf 79' lang='grc' dir='ltr'><strong>ἔν</strong></span> <span class='ocrx_word' id='word_1_79' title='bbox 957 1228 1050 1319; x_wconf 78' lang='grc' dir='ltr'><strong><em>ἕτίρῳ</em></strong></span> <span class='ocrx_word' id='word_1_80' title='bbox 1068 1227 1214 1320; x_wconf 81' lang='grc' dir='ltr'><strong><em>ἀπλήκτῳ</em></strong></span> <span class='ocrx_word' id='word_1_81' title='bbox 1225 1230 1365 1316; x_wconf 78' lang='grc' dir='ltr'><strong><em>μετάβα-</em></strong></span> 
     </span>
     <span class='ocr_line' id='line_1_10' title="bbox 274 1328 1364 1418; baseline 0.002 -20"><span class='ocrx_word' id='word_1_82' title='bbox 274 1359 342 1413; x_wconf 90' lang='grc' dir='ltr'><strong><em>σιν,</em></strong></span> <span class='ocrx_word' id='word_1_83' title='bbox 370 1331 408 1417; x_wconf 81' lang='grc' dir='ltr'><strong>ἢ,</strong></span> <span class='ocrx_word' id='word_1_84' title='bbox 437 1329 478 1408; x_wconf 72' lang='lat' dir='ltr'><strong>nic</strong></span> <span class='ocrx_word' id='word_1_85' title='bbox 497 1331 573 1418; x_wconf 74' lang='grc' dir='ltr'><strong><em>ίῳην</em></strong></span> <span class='ocrx_word' id='word_1_86' title='bbox 582 1380 593 1412; x_wconf 92' lang='grc'><strong><em>,</em></strong></span> <span class='ocrx_word' id='word_1_87' title='bbox 621 1333 666 1397; x_wconf 78' lang='grc' dir='ltr'><strong><em>δι’</em></strong></span> <span class='ocrx_word' id='word_1_88' title='bbox 690 1328 888 1415; x_wconf 72' lang='grc' dir='ltr'><strong><em>αὐτομόλων,</em></strong></span> <span class='ocrx_word' id='word_1_89' title='bbox 915 1331 935 1417; x_wconf 83' lang='grc' dir='ltr'>ἢ</span> <span class='ocrx_word' id='word_1_90' title='bbox 954 1333 1006 1398; x_wconf 88' lang='grc' dir='ltr'><strong><em>διαὶ</em></strong></span> <span class='ocrx_word' id='word_1_91' title='bbox 1024 1337 1206 1417; x_wconf 82' lang='grc' dir='ltr'><strong><em>δεσμωτῶν·</em></strong></span> <span class='ocrx_word' id='word_1_92' title='bbox 1234 1333 1316 1412; x_wconf 83' lang='grc' dir='ltr'><strong><em>ὅπως</em></strong></span> <span class='ocrx_word' id='word_1_93' title='bbox 1332 1335 1364 1400; x_wconf 81' lang='grc' dir='ltr'><strong>ίν</strong></span> 
     </span>
     <span class='ocr_line' id='line_1_11' title="bbox 271 1433 1406 1524; baseline -0.003 -24"><span class='ocrx_word' id='word_1_94' title='bbox 271 1437 359 1500; x_wconf 81' lang='grc' dir='ltr'><strong><em>νυκτί</em></strong></span> <span class='ocrx_word' id='word_1_95' title='bbox 376 1436 558 1510; x_wconf 77' lang='grc' dir='ltr'><strong><em>ἀποστείλας</em></strong></span> <span class='ocrx_word' id='word_1_96' title='bbox 574 1433 792 1522; x_wconf 80' lang='grc' dir='ltr'><strong><em>παρασκευάσῃ</em></strong></span> <span class='ocrx_word' id='word_1_97' title='bbox 808 1435 840 1501; x_wconf 76' lang='grc' dir='ltr'><strong>ἓν</strong></span> <span class='ocrx_word' id='word_1_98' title='bbox 859 1441 898 1522; x_wconf 80' lang='grc' dir='ltr'><strong>τῇ</strong></span> <span class='ocrx_word' id='word_1_99' title='bbox 912 1433 1039 1523; x_wconf 83' lang='grc' dir='ltr'><strong><em>παρόδῳ</em></strong></span> <span class='ocrx_word' id='word_1_100' title='bbox 1056 1437 1158 1502; x_wconf 80' lang='grc' dir='ltr'><strong><em>αὐτῶν</em></strong></span> <span class='ocrx_word' id='word_1_101' title='bbox 1177 1435 1217 1502; x_wconf 88' lang='grc' dir='ltr'><strong><em>τά</em></strong></span> <span class='ocrx_word' id='word_1_102' title='bbox 1233 1435 1363 1524; x_wconf 79' lang='grc' dir='ltr'><strong><em>ίγκράμ-</em></strong></span> <span class='ocrx_word' id='word_1_103' title='bbox 1371 1445 1406 1498; x_wconf 82' lang='lat'><strong>1⁰</strong></span> 
     </span>
     <span class='ocr_line' id='line_1_12' title="bbox 271 1533 1364 1628; baseline 0.004 -26"><span class='ocrx_word' id='word_1_104' title='bbox 271 1558 375 1620; x_wconf 85' lang='grc' dir='ltr'><strong><em>ματα·</em></strong></span> <span class='ocrx_word' id='word_1_105' title='bbox 401 1539 451 1602; x_wconf 80' lang='grc' dir='ltr'><strong><em>καὶ</em></strong></span> <span class='ocrx_word' id='word_1_106' title='bbox 471 1539 503 1602; x_wconf 77' lang='grc' dir='ltr'><strong>ἐν</strong></span> <span class='ocrx_word' id='word_1_107' title='bbox 521 1533 621 1628; x_wconf 72' lang='grc' dir='ltr'><strong><em>ἡμέρῳ</em></strong></span> <span class='ocrx_word' id='word_1_108' title='bbox 638 1535 883 1625; x_wconf 73' lang='grc' dir='ltr'><strong><em>ὁδοιπορούντων</em></strong></span> <span class='ocrx_word' id='word_1_109' title='bbox 897 1545 960 1604; x_wconf 81' lang='grc' dir='ltr'><strong>τῶν</strong></span> <span class='ocrx_word' id='word_1_110' title='bbox 976 1542 1128 1620; x_wconf 85' lang='grc' dir='ltr'><strong><em>πολεμίων</em></strong></span> <span class='ocrx_word' id='word_1_111' title='bbox 1144 1547 1284 1626; x_wconf 84' lang='grc' dir='ltr'><strong><em>φανερῶς</em></strong></span> <span class='ocrx_word' id='word_1_112' title='bbox 1301 1565 1364 1606; x_wconf 87' lang='grc' dir='ltr'><strong>πα-</strong></span> 
     </span>
     <span class='ocr_line' id='line_1_13' title="bbox 272 1637 1362 1728; baseline 0.002 -22"><span class='ocrx_word' id='word_1_113' title='bbox 272 1637 538 1728; x_wconf 86' lang='grc' dir='ltr'><strong><em>ρασκευασάμενος</em></strong></span> <span class='ocrx_word' id='word_1_114' title='bbox 561 1639 617 1705; x_wconf 83' lang='grc' dir='ltr'><strong>τὸν</strong></span> <span class='ocrx_word' id='word_1_115' title='bbox 639 1639 714 1706; x_wconf 79' lang='grc' dir='ltr'><strong><em>κατ’</em></strong></span> <span class='ocrx_word' id='word_1_116' title='bbox 741 1641 844 1706; x_wconf 79' lang='grc' dir='ltr'><strong><em>αὐτῶν</em></strong></span> <span class='ocrx_word' id='word_1_117' title='bbox 867 1638 1016 1726; x_wconf 82' lang='grc' dir='ltr'><strong><em>διάθηται</em></strong></span> <span class='ocrx_word' id='word_1_118' title='bbox 1039 1639 1189 1725; x_wconf 90' lang='grc' dir='ltr'><strong><em>πόλεμον·</em></strong></span> <span class='ocrx_word' id='word_1_119' title='bbox 1221 1642 1299 1725; x_wconf 77' lang='grc' dir='ltr'><strong><em>εἴγε</em></strong></span> <span class='ocrx_word' id='word_1_120' title='bbox 1322 1641 1362 1708; x_wconf 78' lang='grc' dir='ltr'><strong>οὗ</strong></span> 
     </span>
     <span class='ocr_line' id='line_1_14' title="bbox 107 1739 1385 1832; baseline 0.002 -24"><span class='ocrx_word' id='word_1_121' title='bbox 107 1759 257 1824; x_wconf 74' lang='lat' dir='ltr'><strong>Oppugnatte</strong></span> <span class='ocrx_word' id='word_1_122' title='bbox 272 1740 373 1828; x_wconf 89' lang='grc' dir='ltr'><strong><em>πάντη</em></strong></span> <span class='ocrx_word' id='word_1_123' title='bbox 395 1741 551 1828; x_wconf 83' lang='grc' dir='ltr'><strong><em>ὀλιγοστὸν</em></strong></span> <span class='ocrx_word' id='word_1_124' title='bbox 574 1745 626 1808; x_wconf 82' lang='grc' dir='ltr'><strong>καλ</strong></span> <span class='ocrx_word' id='word_1_125' title='bbox 649 1743 859 1830; x_wconf 72' lang='grc' dir='ltr'><strong><em>εὐαρίθμητον</em></strong></span> <span class='ocrx_word' id='word_1_126' title='bbox 879 1743 1019 1827; x_wconf 82' lang='grc' dir='ltr'><strong><em>κίκτηται</em></strong></span> <span class='ocrx_word' id='word_1_127' title='bbox 1038 1741 1224 1832; x_wconf 83' lang='grc' dir='ltr'><strong><em>στράτευμα.</em></strong></span> <span class='ocrx_word' id='word_1_128' title='bbox 1261 1739 1279 1810; x_wconf 80' lang='grc' dir='ltr'><strong><em>ό</em></strong></span> <span class='ocrx_word' id='word_1_129' title='bbox 1300 1743 1385 1830; x_wconf 69' lang='grc' dir='ltr'><strong><em>γάρ,</em></strong></span> 
     </span>
     <span class='ocr_line' id='line_1_15' title="bbox 105 1830 1361 1947; baseline 0.002 -37"><span class='ocrx_word' id='word_1_130' title='bbox 105 1830 352 1947; x_wconf 51' lang='grc' dir='ltr'><strong><em>ἷᾞᾞκατά</em></strong></span> <span class='ocrx_word' id='word_1_131' title='bbox 372 1845 408 1910; x_wconf 82' lang='grc' dir='ltr'><strong>τὸ</strong></span> <span class='ocrx_word' id='word_1_132' title='bbox 432 1845 563 1910; x_wconf 87' lang='grc' dir='ltr'><strong><em>τοῦλδον</em></strong></span> <span class='ocrx_word' id='word_1_133' title='bbox 589 1845 691 1910; x_wconf 78' lang='grc' dir='ltr'><strong><em>αὐτῶν</em></strong></span> <span class='ocrx_word' id='word_1_134' title='bbox 711 1844 859 1929; x_wconf 88' lang='grc' dir='ltr'><strong><em>πόλεμος,</em></strong></span> <span class='ocrx_word' id='word_1_135' title='bbox 894 1843 1070 1928; x_wconf 88' lang='grc' dir='ltr'><strong><em>συντόμοις,</em></strong></span> <span class='ocrx_word' id='word_1_136' title='bbox 1104 1847 1248 1912; x_wconf 82' lang='grc' dir='ltr'><strong><em>οάδίποτε</em></strong></span> <span class='ocrx_word' id='word_1_137' title='bbox 1272 1846 1361 1912; x_wconf 75' lang='grc' dir='ltr'><strong><em>ἐναν-</em></strong></span> 
     </span>
     <span class='ocr_line' id='line_1_16' title="bbox 104 1914 1403 2037; baseline -0.003 -23"><span class='ocrx_word' id='word_1_138' title='bbox 104 1914 376 2029; x_wconf 73' lang='grc' dir='ltr'><strong><em>υρροιίοόίω-τίωσιν</em></strong></span> <span class='ocrx_word' id='word_1_139' title='bbox 392 1947 413 2032; x_wconf 80' lang='grc' dir='ltr'>ἢ</span> <span class='ocrx_word' id='word_1_140' title='bbox 427 1944 549 2031; x_wconf 74' lang='grc' dir='ltr'><strong><em>βλάβην</em></strong></span> <span class='ocrx_word' id='word_1_141' title='bbox 562 1953 608 2036; x_wconf 77' lang='grc' dir='ltr'><strong>τῷ</strong></span> <span class='ocrx_word' id='word_1_142' title='bbox 621 1943 758 2037; x_wconf 72' lang='grc' dir='ltr'><strong><em>ἡμετέρῳ</em></strong></span> <span class='ocrx_word' id='word_1_143' title='bbox 774 1955 899 2037; x_wconf 78' lang='grc' dir='ltr'><strong><em>στρατῷ</em></strong></span> <span class='ocrx_word' id='word_1_144' title='bbox 913 1949 1113 2034; x_wconf 73' lang='grc' dir='ltr'><strong><em>προύξένησεν</em></strong></span> <span class='ocrx_word' id='word_1_145' title='bbox 1119 1997 1131 2028; x_wconf 90' lang='grc'><strong><em>,</em></strong></span> <span class='ocrx_word' id='word_1_146' title='bbox 1158 1948 1278 2033; x_wconf 86' lang='grc' dir='ltr'><strong><em>ὀλίγους</em></strong></span> <span class='ocrx_word' id='word_1_147' title='bbox 1292 1946 1360 2032; x_wconf 66' lang='grc' dir='ltr'><strong><em>ἕχον</em></strong></span> <span class='ocrx_word' id='word_1_148' title='bbox 1369 1955 1403 2011; x_wconf 82' lang='grc'><strong>15</strong></span> 
     </span>
     <span class='ocr_line' id='line_1_17' title="bbox 105 2035 1360 2138; baseline 0.002 -24"><span class='ocrx_word' id='word_1_149' title='bbox 105 2039 143 2083; x_wconf 67' lang='lat'><strong>¹⁰¹</strong></span> <span class='ocrx_word' id='word_1_150' title='bbox 161 2035 259 2087; x_wconf 57' lang='lat' dir='ltr'><strong>mm·</strong></span> <span class='ocrx_word' id='word_1_151' title='bbox 268 2052 422 2136; x_wconf 82' lang='grc' dir='ltr'><strong><em>μαχίμους</em></strong></span> <span class='ocrx_word' id='word_1_152' title='bbox 437 2050 535 2126; x_wconf 75' lang='grc' dir='ltr'><strong><em>ἱππεῖς</em></strong></span> <span class='ocrx_word' id='word_1_153' title='bbox 548 2053 590 2126; x_wconf 79' lang='grc' dir='ltr'><strong><em>είς</em></strong></span> <span class='ocrx_word' id='word_1_154' title='bbox 599 2051 740 2138; x_wconf 79' lang='grc' dir='ltr'><strong><em>φυλακὴν</em></strong></span> <span class='ocrx_word' id='word_1_155' title='bbox 755 2047 865 2116; x_wconf 76' lang='grc' dir='ltr'><strong><em>ἑαυτοῦ</em></strong></span> <span class='ocrx_word' id='word_1_156' title='bbox 878 2070 886 2088; x_wconf 88' lang='grc'><em>·</em></span> <span class='ocrx_word' id='word_1_157' title='bbox 913 2051 985 2116; x_wconf 76' lang='grc' dir='ltr'><strong><em>ἀλλ’</em></strong></span> <span class='ocrx_word' id='word_1_158' title='bbox 1001 2048 1106 2127; x_wconf 82' lang='grc' dir='ltr'><strong><em>ὁσάκις</em></strong></span> <span class='ocrx_word' id='word_1_159' title='bbox 1119 2050 1157 2116; x_wconf 83' lang='grc' dir='ltr'><strong>ἀν</strong></span> <span class='ocrx_word' id='word_1_160' title='bbox 1173 2051 1247 2116; x_wconf 81' lang='grc' dir='ltr'><strong><em>κατ’</em></strong></span> <span class='ocrx_word' id='word_1_161' title='bbox 1258 2052 1360 2118; x_wconf 77' lang='grc' dir='ltr'><strong><em>αὐτῶν</em></strong></span> 
     </span>
     <span class='ocr_line' id='line_1_18' title="bbox 267 2147 1360 2241; baseline -0.001 -22"><span class='ocrx_word' id='word_1_162' title='bbox 267 2152 416 2240; x_wconf 69' lang='grc' dir='ltr'><strong><em>συνήῳδη</em></strong></span> <span class='ocrx_word' id='word_1_163' title='bbox 433 2147 581 2235; x_wconf 82' lang='grc' dir='ltr'><strong><em>πόλεμος,</em></strong></span> <span class='ocrx_word' id='word_1_164' title='bbox 608 2154 742 2231; x_wconf 73' lang='grc' dir='ltr'><strong><em>πολλοὺς</em></strong></span> <span class='ocrx_word' id='word_1_165' title='bbox 763 2153 865 2219; x_wconf 80' lang='grc' dir='ltr'><strong><em>αὐτῶν</em></strong></span> <span class='ocrx_word' id='word_1_166' title='bbox 879 2149 895 2218; x_wconf 81' lang='grc' dir='ltr'><em>ὃ</em></span> <span class='ocrx_word' id='word_1_167' title='bbox 911 2159 973 2219; x_wconf 84' lang='grc' dir='ltr'><strong>τῶν</strong></span> <span class='ocrx_word' id='word_1_168' title='bbox 987 2149 1144 2236; x_wconf 83' lang='grc' dir='ltr'><strong><em>Ῥωμαίων</em></strong></span> <span class='ocrx_word' id='word_1_169' title='bbox 1160 2154 1293 2241; x_wconf 83' lang='grc' dir='ltr'><strong><em>στρατός</em></strong></span> <span class='ocrx_word' id='word_1_170' title='bbox 1309 2156 1360 2220; x_wconf 79' lang='grc' dir='ltr'><strong>καλ</strong></span> 
     </span>
     <span class='ocr_line' id='line_1_19' title="bbox 237 2252 1360 2342; baseline 0.002 -20"><span class='ocrx_word' id='word_1_171' title='bbox 237 2256 516 2342; x_wconf 79' lang='grc' dir='ltr'><strong><em>Βήνδραποδίσατο</em></strong></span> <span class='ocrx_word' id='word_1_172' title='bbox 536 2258 587 2319; x_wconf 79' lang='grc' dir='ltr'><strong><em>καί</em></strong></span> <span class='ocrx_word' id='word_1_173' title='bbox 602 2255 718 2324; x_wconf 83' lang='grc' dir='ltr'><strong><em>ἀνεῖλε·</em></strong></span> <span class='ocrx_word' id='word_1_174' title='bbox 744 2259 795 2320; x_wconf 83' lang='grc' dir='ltr'><strong><em>καί</em></strong></span> <span class='ocrx_word' id='word_1_175' title='bbox 810 2253 910 2321; x_wconf 83' lang='grc' dir='ltr'><strong><em>πολλά</em></strong></span> <span class='ocrx_word' id='word_1_176' title='bbox 932 2262 994 2321; x_wconf 87' lang='grc' dir='ltr'><strong>τῶν</strong></span> <span class='ocrx_word' id='word_1_177' title='bbox 1015 2252 1185 2341; x_wconf 78' lang='grc' dir='ltr'><strong><em>ἀποζυγίων</em></strong></span> <span class='ocrx_word' id='word_1_178' title='bbox 1200 2259 1252 2323; x_wconf 73' lang='grc' dir='ltr'><strong><em>καὶ</em></strong></span> <span class='ocrx_word' id='word_1_179' title='bbox 1268 2253 1360 2341; x_wconf 83' lang='grc' dir='ltr'><strong><em>ἡμιό-</em></strong></span> 
     </span>
     <span class='ocr_line' id='line_1_20' title="bbox 265 2355 1359 2446; baseline 0.001 -21"><span class='ocrx_word' id='word_1_180' title='bbox 265 2384 327 2425; x_wconf 93' lang='grc' dir='ltr'><strong>νων</strong></span> <span class='ocrx_word' id='word_1_181' title='bbox 342 2358 445 2424; x_wconf 77' lang='grc' dir='ltr'><strong><em>αάτιῗιν</em></strong></span> <span class='ocrx_word' id='word_1_182' title='bbox 460 2357 686 2445; x_wconf 79' lang='grc' dir='ltr'><strong><em>πεῳορτισμίνα</em></strong></span> <span class='ocrx_word' id='word_1_183' title='bbox 701 2355 896 2442; x_wconf 80' lang='grc' dir='ltr'><strong><em>ἀνελάβοντο.</em></strong></span> <span class='ocrx_word' id='word_1_184' title='bbox 931 2361 958 2424; x_wconf 85' lang='grc' dir='ltr'><strong>εί</strong></span> <span class='ocrx_word' id='word_1_185' title='bbox 971 2359 1248 2439; x_wconf 62' lang='lat' dir='ltr'><strong>cicatricatum</strong></span> <span class='ocrx_word' id='word_1_186' title='bbox 1261 2356 1359 2446; x_wconf 85' lang='grc' dir='ltr'><strong><em>στρά-</em></strong></span> 
     </span>
     <span class='ocr_line' id='line_1_21' title="bbox 264 2457 1401 2550; baseline 0.004 -25"><span class='ocrx_word' id='word_1_187' title='bbox 264 2484 363 2542; x_wconf 88' lang='grc' dir='ltr'><strong><em>τευμα</em></strong></span> <span class='ocrx_word' id='word_1_188' title='bbox 378 2461 409 2525; x_wconf 74' lang='grc' dir='ltr'><strong>ἓν</strong></span> <span class='ocrx_word' id='word_1_189' title='bbox 422 2457 522 2550; x_wconf 79' lang='grc' dir='ltr'><strong><em>ἡμίρῳ</em></strong></span> <span class='ocrx_word' id='word_1_190' title='bbox 534 2459 668 2543; x_wconf 73' lang='grc' dir='ltr'><strong><em>πολέμου</em></strong></span> <span class='ocrx_word' id='word_1_191' title='bbox 685 2457 763 2546; x_wconf 78' lang='grc' dir='ltr'><strong><em>τάχη</em></strong></span> <span class='ocrx_word' id='word_1_192' title='bbox 770 2509 781 2540; x_wconf 95' lang='grc'><strong><em>,</em></strong></span> <span class='ocrx_word' id='word_1_193' title='bbox 808 2461 844 2527; x_wconf 87' lang='grc' dir='ltr'><strong>τδ</strong></span> <span class='ocrx_word' id='word_1_194' title='bbox 860 2457 1047 2545; x_wconf 75' lang='grc' dir='ltr'><strong><em>ὡπλισμένον</em></strong></span> <span class='ocrx_word' id='word_1_195' title='bbox 1062 2460 1202 2546; x_wconf 84' lang='grc' dir='ltr'><strong><em>δηλονότι</em></strong></span> <span class='ocrx_word' id='word_1_196' title='bbox 1218 2464 1269 2527; x_wconf 82' lang='grc' dir='ltr'><strong><em>καί</em></strong></span> <span class='ocrx_word' id='word_1_197' title='bbox 1281 2462 1401 2550; x_wconf 64' lang='grc' dir='ltr'><strong><em>πρδςὶῦ</em></strong></span> 
     </span>
     <span class='ocr_line' id='line_1_22' title="bbox 263 2560 1359 2652; baseline 0.004 -24"><span class='ocrx_word' id='word_1_198' title='bbox 263 2563 416 2645; x_wconf 83' lang='grc' dir='ltr'><strong><em>πολίμους</em></strong></span> <span class='ocrx_word' id='word_1_199' title='bbox 435 2563 695 2647; x_wconf 79' lang='grc' dir='ltr'><strong><em>γεγυμνασμένον,</em></strong></span> <span class='ocrx_word' id='word_1_200' title='bbox 722 2560 824 2652; x_wconf 83' lang='grc' dir='ltr'><strong><em>κόκλῳ</em></strong></span> <span class='ocrx_word' id='word_1_201' title='bbox 847 2562 918 2628; x_wconf 77' lang='grc' dir='ltr'><strong><em>κατ’</em></strong></span> <span class='ocrx_word' id='word_1_202' title='bbox 946 2563 1048 2630; x_wconf 75' lang='grc' dir='ltr'><strong><em>αὐτῶν</em></strong></span> <span class='ocrx_word' id='word_1_203' title='bbox 1069 2570 1279 2652; x_wconf 78' lang='grc' dir='ltr'><strong><em>στρατηγικῶς</em></strong></span> <span class='ocrx_word' id='word_1_204' title='bbox 1295 2591 1359 2631; x_wconf 60' lang='grc' dir='ltr'><strong><em>παι-</em></strong></span> 
     </span>
     <span class='ocr_line' id='line_1_23' title="bbox 264 2660 1355 2758; baseline 0.005 -28"><span class='ocrx_word' id='word_1_205' title='bbox 264 2661 439 2752; x_wconf 79' lang='grc' dir='ltr'><strong><em>ρασκευάση</em></strong></span> <span class='ocrx_word' id='word_1_206' title='bbox 453 2662 507 2728; x_wconf 91' lang='grc' dir='ltr'><strong>τδν</strong></span> <span class='ocrx_word' id='word_1_207' title='bbox 524 2660 677 2748; x_wconf 85' lang='grc' dir='ltr'><strong><em>πόλεμον,</em></strong></span> <span class='ocrx_word' id='word_1_208' title='bbox 705 2667 756 2729; x_wconf 83' lang='grc' dir='ltr'><strong>καλ</strong></span> <span class='ocrx_word' id='word_1_209' title='bbox 770 2667 872 2754; x_wconf 83' lang='grc' dir='ltr'><strong><em>τελείῳ</em></strong></span> <span class='ocrx_word' id='word_1_210' title='bbox 888 2661 1018 2743; x_wconf 72' lang='grc' dir='ltr'><strong><em>τούτους</em></strong></span> <span class='ocrx_word' id='word_1_211' title='bbox 1032 2665 1198 2758; x_wconf 77' lang='grc' dir='ltr'><strong><em>ἀφανισμῷ</em></strong></span> <span class='ocrx_word' id='word_1_212' title='bbox 1213 2670 1355 2756; x_wconf 76' lang='grc' dir='ltr'><strong><em>παραδῷ.</em></strong></span> 
     </span>
     <span class='ocr_line' id='line_1_24' title="bbox 96 2765 1357 2859; baseline 0.002 -27"><span class='ocrx_word' id='word_1_213' title='bbox 96 2787 149 2838; x_wconf 64' lang='grc' dir='ltr'><strong><em>τοι,</em></strong></span> <span class='ocrx_word' id='word_1_214' title='bbox 162 2781 216 2842; x_wconf 75' lang='grc'><strong>334</strong></span> <span class='ocrx_word' id='word_1_215' title='bbox 231 2801 256 2839; x_wconf 71' lang='lat' dir='ltr'><strong>v.</strong></span> <span class='ocrx_word' id='word_1_216' title='bbox 264 2773 393 2832; x_wconf 79' lang='grc' dir='ltr'><strong><em>τοιαῦτα</em></strong></span> <span class='ocrx_word' id='word_1_217' title='bbox 413 2766 474 2854; x_wconf 82' lang='grc' dir='ltr'><strong>γάρ</strong></span> <span class='ocrx_word' id='word_1_218' title='bbox 496 2765 639 2852; x_wconf 70' lang='grc' dir='ltr'><strong><em>γενέσθαι</em></strong></span> <span class='ocrx_word' id='word_1_219' title='bbox 660 2767 692 2832; x_wconf 79' lang='grc' dir='ltr'><strong>ἔν</strong></span> <span class='ocrx_word' id='word_1_220' title='bbox 710 2773 755 2859; x_wconf 73' lang='grc' dir='ltr'><strong>τῷ</strong></span> <span class='ocrx_word' id='word_1_221' title='bbox 774 2765 896 2857; x_wconf 88' lang='grc' dir='ltr'><strong><em>τοάλδῳ</em></strong></span> <span class='ocrx_word' id='word_1_222' title='bbox 920 2775 984 2834; x_wconf 84' lang='grc' dir='ltr'><strong>τῶν</strong></span> <span class='ocrx_word' id='word_1_223' title='bbox 1005 2770 1175 2853; x_wconf 82' lang='grc' dir='ltr'><strong><em>πολεμίων,</em></strong></span> <span class='ocrx_word' id='word_1_224' title='bbox 1203 2769 1283 2836; x_wconf 84' lang='grc' dir='ltr'><strong><em>ἀλλά</em></strong></span> <span class='ocrx_word' id='word_1_225' title='bbox 1304 2771 1357 2835; x_wconf 80' lang='grc' dir='ltr'><strong><em>καί</em></strong></span> 
     </span>
     <span class='ocr_line' id='line_1_25' title="bbox 262 2866 1356 2961; baseline 0.001 -24"><span class='ocrx_word' id='word_1_226' title='bbox 262 2869 342 2960; x_wconf 78' lang='grc' dir='ltr'><strong><em>παρ’</em></strong></span> <span class='ocrx_word' id='word_1_227' title='bbox 361 2867 464 2936; x_wconf 73' lang='grc' dir='ltr'><strong><em>αὐτῶν</em></strong></span> <span class='ocrx_word' id='word_1_228' title='bbox 479 2870 511 2935; x_wconf 76' lang='grc' dir='ltr'><strong>ἐν</strong></span> <span class='ocrx_word' id='word_1_229' title='bbox 528 2875 574 2960; x_wconf 78' lang='grc' dir='ltr'><strong>τῷ</strong></span> <span class='ocrx_word' id='word_1_230' title='bbox 589 2866 726 2961; x_wconf 76' lang='grc' dir='ltr'><strong><em>ἡμετέρῳ</em></strong></span> <span class='ocrx_word' id='word_1_231' title='bbox 732 2919 743 2953; x_wconf 96' lang='grc'><strong><em>,</em></strong></span> <span class='ocrx_word' id='word_1_232' title='bbox 770 2874 823 2936; x_wconf 86' lang='grc' dir='ltr'><strong><em>καί</em></strong></span> <span class='ocrx_word' id='word_1_233' title='bbox 836 2868 1038 2954; x_wconf 75' lang='grc' dir='ltr'><strong><em>ἰδεασάμεδα</em></strong></span> <span class='ocrx_word' id='word_1_234' title='bbox 1045 2919 1056 2954; x_wconf 91' lang='grc'><strong><em>,</em></strong></span> <span class='ocrx_word' id='word_1_235' title='bbox 1083 2873 1136 2940; x_wconf 80' lang='grc' dir='ltr'><strong>καλ</strong></span> <span class='ocrx_word' id='word_1_236' title='bbox 1149 2873 1181 2938; x_wconf 83' lang='grc' dir='ltr'><strong>ίν</strong></span> <span class='ocrx_word' id='word_1_237' title='bbox 1192 2873 1356 2959; x_wconf 75' lang='grc' dir='ltr'><strong><em>ἱστορικοῖς</em></strong></span> 
     </span>
     <span class='ocr_line' id='line_1_26' title="bbox 329 2993 994 3070; baseline -0.002 -14"><span class='ocrx_word' id='word_1_238' title='bbox 329 2995 356 3056; x_wconf 85' lang='grc'><strong>4.</strong></span> <span class='ocrx_word' id='word_1_239' title='bbox 379 2999 420 3070; x_wconf 89' lang='grc' dir='ltr'><strong>γε]</strong></span> <span class='ocrx_word' id='word_1_240' title='bbox 438 2996 486 3055; x_wconf 84' lang='grc' dir='ltr'><strong>καλ</strong></span> <span class='ocrx_word' id='word_1_241' title='bbox 502 2995 558 3052; x_wconf 87' lang='lat' dir='ltr'><strong>cod.</strong></span> <span class='ocrx_word' id='word_1_242' title='bbox 629 3001 671 3056; x_wconf 82' lang='lat'><strong>16.</strong></span> <span class='ocrx_word' id='word_1_243' title='bbox 697 2997 801 3067; x_wconf 79' lang='grc' dir='ltr'><strong><em>αδτιόυ]</em></strong></span> <span class='ocrx_word' id='word_1_244' title='bbox 822 2998 895 3054; x_wconf 76' lang='lat' dir='ltr'><strong>Fert</strong></span> <span class='ocrx_word' id='word_1_245' title='bbox 913 2993 994 3057; x_wconf 81' lang='lat' dir='ltr'><strong>oriro&#39;.</strong></span> 
     </span>
    </p>
   </div>
   <div class='ocr_carea' id='block_1_4' title="bbox 142 3101 1354 4412">
    <p class='ocr_par' dir='ltr' id='par_1_4' title="bbox 142 3101 1354 4412">
     <span class='ocr_line' id='line_1_27' title="bbox 260 3101 1354 3172; baseline -0.005 -12"><span class='ocrx_word' id='word_1_246' title='bbox 260 3102 363 3160; x_wconf 77' lang='lat' dir='ltr'><strong>efferet</strong></span> <span class='ocrx_word' id='word_1_247' title='bbox 399 3101 475 3166; x_wconf 84' lang='lat' dir='ltr'><strong>Quod</strong></span> <span class='ocrx_word' id='word_1_248' title='bbox 488 3101 510 3155; x_wconf 92' lang='lat' dir='ltr'><strong>ri</strong></span> <span class='ocrx_word' id='word_1_249' title='bbox 522 3118 553 3155; x_wconf 88' lang='lat' dir='ltr'><strong>eo</strong></span> <span class='ocrx_word' id='word_1_250' title='bbox 565 3101 593 3154; x_wconf 90' lang='lat' dir='ltr'><strong>in</strong></span> <span class='ocrx_word' id='word_1_251' title='bbox 605 3101 661 3155; x_wconf 88' lang='lat' dir='ltr'><strong>ioco</strong></span> <span class='ocrx_word' id='word_1_252' title='bbox 673 3113 756 3172; x_wconf 83' lang='lat' dir='ltr'><strong>aquuc</strong></span> <span class='ocrx_word' id='word_1_253' title='bbox 765 3101 834 3156; x_wconf 82' lang='lat' dir='ltr'><strong>uuila</strong></span> <span class='ocrx_word' id='word_1_254' title='bbox 845 3101 944 3155; x_wconf 89' lang='lat' dir='ltr'><strong>omnino</strong></span> <span class='ocrx_word' id='word_1_255' title='bbox 956 3102 1065 3157; x_wconf 72' lang='lat' dir='ltr'><strong>facultas</strong></span> <span class='ocrx_word' id='word_1_256' title='bbox 1081 3107 1134 3168; x_wconf 82' lang='lat' dir='ltr'><strong>ert,</strong></span> <span class='ocrx_word' id='word_1_257' title='bbox 1148 3101 1175 3157; x_wconf 95' lang='lat' dir='ltr'><strong>id</strong></span> <span class='ocrx_word' id='word_1_258' title='bbox 1187 3118 1236 3172; x_wconf 88' lang='lat' dir='ltr'><strong>quo</strong></span> <span class='ocrx_word' id='word_1_259' title='bbox 1255 3119 1290 3156; x_wconf 93' lang='lat' dir='ltr'><strong>ue</strong></span> <span class='ocrx_word' id='word_1_260' title='bbox 1303 3117 1354 3155; x_wconf 84' lang='lat' dir='ltr'><strong>uon</strong></span> 
     </span>
     <span class='ocr_line' id='line_1_28' title="bbox 252 3119 1354 3240; baseline -0.002 -14"><span class='ocrx_word' id='word_1_261' title='bbox 252 3173 423 3227; x_wconf 68' lang='lat' dir='ltr'><strong>mediocriter</strong></span> <span class='ocrx_word' id='word_1_262' title='bbox 444 3170 541 3225; x_wconf 77' lang='lat' dir='ltr'><strong>animoa</strong></span> <span class='ocrx_word' id='word_1_263' title='bbox 556 3187 644 3223; x_wconf 88' lang='lat' dir='ltr'><strong>eorum</strong></span> <span class='ocrx_word' id='word_1_264' title='bbox 664 3172 841 3240; x_wconf 74' lang='lat' dir='ltr'><strong>perturbabit:</strong></span> <span class='ocrx_word' id='word_1_265' title='bbox 859 3178 887 3224; x_wconf 84' lang='lat' dir='ltr'><strong>ct</strong></span> <span class='ocrx_word' id='word_1_266' title='bbox 906 3171 929 3224; x_wconf 90' lang='lat' dir='ltr'><strong>ri</strong></span> <span class='ocrx_word' id='word_1_267' title='bbox 947 3189 997 3225; x_wconf 89' lang='lat' dir='ltr'><strong>non</strong></span> <span class='ocrx_word' id='word_1_268' title='bbox 1013 3171 1129 3225; x_wconf 84' lang='lat' dir='ltr'><strong>funditur</strong></span> <span class='ocrx_word' id='word_1_269' title='bbox 1147 3173 1204 3224; x_wconf 89' lang='lat' dir='ltr'><strong>iiior</strong></span> <span class='ocrx_word' id='word_1_270' title='bbox 1219 3119 1301 3236; x_wconf 43' lang='lat' dir='ltr'><strong>dalet,</strong></span> <span class='ocrx_word' id='word_1_271' title='bbox 1325 3179 1354 3224; x_wconf 83' lang='lat' dir='ltr'><strong>at</strong></span> 
     </span>
     <span class='ocr_line' id='line_1_29' title="bbox 259 3239 1354 3310; baseline -0.002 -15"><span class='ocrx_word' id='word_1_272' title='bbox 259 3252 330 3295; x_wconf 84' lang='lat' dir='ltr'><strong>certe</strong></span> <span class='ocrx_word' id='word_1_273' title='bbox 350 3243 442 3296; x_wconf 84' lang='lat' dir='ltr'><strong>muitor</strong></span> <span class='ocrx_word' id='word_1_274' title='bbox 466 3257 552 3292; x_wconf 89' lang='lat' dir='ltr'><strong>eorum</strong></span> <span class='ocrx_word' id='word_1_275' title='bbox 568 3240 686 3309; x_wconf 83' lang='lat' dir='ltr'><strong>captiror</strong></span> <span class='ocrx_word' id='word_1_276' title='bbox 706 3241 800 3304; x_wconf 73' lang='lat' dir='ltr'><strong>faciet,</strong></span> <span class='ocrx_word' id='word_1_277' title='bbox 819 3239 904 3310; x_wconf 87' lang='lat' dir='ltr'><strong>plurer</strong></span> <span class='ocrx_word' id='word_1_278' title='bbox 918 3241 994 3294; x_wconf 86' lang='lat' dir='ltr'><strong>etiam</strong></span> <span class='ocrx_word' id='word_1_279' title='bbox 1006 3249 1060 3295; x_wconf 91' lang='lat' dir='ltr'><strong>tum</strong></span> <span class='ocrx_word' id='word_1_280' title='bbox 1071 3241 1212 3294; x_wconf 81' lang='lat' dir='ltr'><strong>interficiet</strong></span> <span class='ocrx_word' id='word_1_281' title='bbox 1224 3247 1277 3294; x_wconf 85' lang='lat' dir='ltr'><strong>tum</strong></span> <span class='ocrx_word' id='word_1_282' title='bbox 1290 3255 1354 3293; x_wconf 80' lang='lat' dir='ltr'><strong>rru-</strong></span> 
     </span>
     <span class='ocr_line' id='line_1_30' title="bbox 257 3309 1354 3380; baseline -0.003 -16"><span class='ocrx_word' id='word_1_283' title='bbox 257 3313 353 3374; x_wconf 86' lang='lat' dir='ltr'><strong>ciehit,</strong></span> <span class='ocrx_word' id='word_1_284' title='bbox 370 3309 528 3380; x_wconf 73' lang='lat' dir='ltr'><strong>spiritusque</strong></span> <span class='ocrx_word' id='word_1_285' title='bbox 548 3325 635 3362; x_wconf 89' lang='lat' dir='ltr'><strong>corum</strong></span> <span class='ocrx_word' id='word_1_286' title='bbox 658 3317 810 3378; x_wconf 77' lang='lat' dir='ltr'><strong>arroganter</strong></span> <span class='ocrx_word' id='word_1_287' title='bbox 827 3309 944 3378; x_wconf 60' lang='lat' dir='ltr'><strong>irrogem</strong></span> <span class='ocrx_word' id='word_1_288' title='bbox 961 3315 991 3364; x_wconf 88' lang='lat' dir='ltr'><strong>ut</strong></span> <span class='ocrx_word' id='word_1_289' title='bbox 1010 3327 1061 3363; x_wconf 86' lang='lat' dir='ltr'><strong>non</strong></span> <span class='ocrx_word' id='word_1_290' title='bbox 1081 3309 1190 3380; x_wconf 77' lang='lat' dir='ltr'><strong>emplius</strong></span> <span class='ocrx_word' id='word_1_291' title='bbox 1201 3309 1288 3372; x_wconf 70' lang='lat' dir='ltr'><strong>auauri</strong></span> <span class='ocrx_word' id='word_1_292' title='bbox 1299 3309 1354 3362; x_wconf 82' lang='lat' dir='ltr'><strong>rint</strong></span> 
     </span>
     <span class='ocr_line' id='line_1_31' title="bbox 257 3377 1354 3460; baseline -0.002 -28"><span class='ocrx_word' id='word_1_293' title='bbox 257 3380 355 3448; x_wconf 85' lang='lat' dir='ltr'><strong>abrque</strong></span> <span class='ocrx_word' id='word_1_294' title='bbox 373 3385 442 3430; x_wconf 87' lang='lat' dir='ltr'><strong>metu</strong></span> <span class='ocrx_word' id='word_1_295' title='bbox 460 3379 488 3430; x_wconf 88' lang='lat' dir='ltr'><strong>in</strong></span> <span class='ocrx_word' id='word_1_296' title='bbox 505 3394 587 3460; x_wconf 65' lang='lat' dir='ltr'><strong>papea</strong></span> <span class='ocrx_word' id='word_1_297' title='bbox 595 3378 764 3430; x_wconf 73' lang='lat' dir='ltr'><strong>Romanorum</strong></span> <span class='ocrx_word' id='word_1_298' title='bbox 774 3377 932 3431; x_wconf 83' lang='lat' dir='ltr'><strong>incurrioner</strong></span> <span class='ocrx_word' id='word_1_299' title='bbox 947 3379 1040 3432; x_wconf 79' lang='lat' dir='ltr'><strong>facere.</strong></span> <span class='ocrx_word' id='word_1_300' title='bbox 1075 3379 1106 3432; x_wconf 85' lang='lat' dir='ltr'><strong>si</strong></span> <span class='ocrx_word' id='word_1_301' title='bbox 1118 3391 1203 3430; x_wconf 86' lang='lat' dir='ltr'><strong>autem</strong></span> <span class='ocrx_word' id='word_1_302' title='bbox 1217 3377 1269 3430; x_wconf 85' lang='lat' dir='ltr'><strong>dux</strong></span> <span class='ocrx_word' id='word_1_303' title='bbox 1279 3387 1354 3430; x_wconf 83' lang='lat' dir='ltr'><strong>trau-</strong></span> 
     </span>
     <span class='ocr_line' id='line_1_32' title="bbox 257 3445 1354 3530; baseline -0.001 -31"><span class='ocrx_word' id='word_1_304' title='bbox 257 3448 334 3530; x_wconf 74' lang='lat' dir='ltr'><strong>ritum</strong></span> <span class='ocrx_word' id='word_1_305' title='bbox 349 3463 440 3530; x_wconf 73' lang='lat' dir='ltr'><strong>eorum</strong></span> <span class='ocrx_word' id='word_1_306' title='bbox 449 3465 467 3530; x_wconf 76' lang='lat'><strong>⁰.</strong></span> <span class='ocrx_word' id='word_1_307' title='bbox 479 3447 608 3499; x_wconf 87' lang='lat' dir='ltr'><strong>cartnrin</strong></span> <span class='ocrx_word' id='word_1_308' title='bbox 622 3455 708 3500; x_wconf 70' lang='lat' dir='ltr'><strong>cartre</strong></span> <span class='ocrx_word' id='word_1_309' title='bbox 720 3465 770 3530; x_wconf 76' lang='lat' dir='ltr'><strong>non</strong></span> <span class='ocrx_word' id='word_1_310' title='bbox 790 3447 957 3530; x_wconf 62' lang='lat' dir='ltr'><strong>precedent,</strong></span> <span class='ocrx_word' id='word_1_311' title='bbox 983 3448 1084 3530; x_wconf 33' lang='lat' dir='ltr'><strong>riveflex</strong></span> <span class='ocrx_word' id='word_1_312' title='bbox 1098 3448 1157 3516; x_wconf 81' lang='lat' dir='ltr'><strong>peri</strong></span> <span class='ocrx_word' id='word_1_313' title='bbox 1192 3447 1228 3512; x_wconf 86' lang='lat' dir='ltr'><strong>&#39;r‚</strong></span> <span class='ocrx_word' id='word_1_314' title='bbox 1244 3453 1275 3498; x_wconf 87' lang='lat' dir='ltr'><strong>ut</strong></span> <span class='ocrx_word' id='word_1_315' title='bbox 1288 3445 1354 3511; x_wconf 83' lang='lat' dir='ltr'><strong>dixi,</strong></span> 
     </span>
     <span class='ocr_line' id='line_1_33' title="bbox 257 3517 1353 3654; baseline 0.002 -20"><span class='ocrx_word' id='word_1_316' title='bbox 257 3531 314 3635; x_wconf 75' lang='lat' dir='ltr'><strong>tt?</strong></span> <span class='ocrx_word' id='word_1_317' title='bbox 329 3523 498 3636; x_wconf 62' lang='lat' dir='ltr'><strong>mittit}</strong></span> <span class='ocrx_word' id='word_1_318' title='bbox 515 3523 637 3637; x_wconf 61' lang='lat' dir='ltr'><strong>tent</strong></span> <span class='ocrx_word' id='word_1_319' title='bbox 649 3517 1019 3638; x_wconf 57' lang='lat' dir='ltr'><strong>tneffnfflw</strong></span> <span class='ocrx_word' id='word_1_320' title='bbox 1036 3517 1353 3654; x_wconf 49' lang='lat' dir='ltr'><strong>&#39;terentina</strong></span> 
     </span>
     <span class='ocr_line' id='line_1_34' title="bbox 257 3651 1354 3722; baseline 0.004 -19"><span class='ocrx_word' id='word_1_321' title='bbox 257 3651 374 3703; x_wconf 85' lang='lat' dir='ltr'><strong>exercitu</strong></span> <span class='ocrx_word' id='word_1_322' title='bbox 395 3652 518 3719; x_wconf 88' lang='lat' dir='ltr'><strong>praelium</strong></span> <span class='ocrx_word' id='word_1_323' title='bbox 538 3653 714 3716; x_wconf 80' lang='lat' dir='ltr'><strong>adminiatret3</strong></span> <span class='ocrx_word' id='word_1_324' title='bbox 731 3660 909 3722; x_wconf 73' lang='lat' dir='ltr'><strong>praeterquam</strong></span> <span class='ocrx_word' id='word_1_325' title='bbox 928 3654 951 3706; x_wconf 91' lang='lat' dir='ltr'><strong>ri</strong></span> <span class='ocrx_word' id='word_1_326' title='bbox 971 3672 986 3707; x_wconf 89' lang='lat' dir='ltr'><strong>a</strong></span> <span class='ocrx_word' id='word_1_327' title='bbox 1004 3655 1103 3706; x_wconf 85' lang='lat' dir='ltr'><strong>modum</strong></span> <span class='ocrx_word' id='word_1_328' title='bbox 1119 3653 1295 3722; x_wconf 76' lang='lat' dir='ltr'><strong>infrequenter</strong></span> <span class='ocrx_word' id='word_1_329' title='bbox 1311 3659 1354 3706; x_wconf 83' lang='lat' dir='ltr'><strong>te-</strong></span> 
     </span>
     <span class='ocr_line' id='line_1_35' title="bbox 252 3720 1354 3806; baseline 0.001 -34"><span class='ocrx_word' id='word_1_330' title='bbox 252 3735 368 3789; x_wconf 82' lang='lat' dir='ltr'><strong>nuerque</strong></span> <span class='ocrx_word' id='word_1_331' title='bbox 383 3720 462 3772; x_wconf 88' lang='lat' dir='ltr'><strong>habet</strong></span> <span class='ocrx_word' id='word_1_332' title='bbox 476 3737 507 3772; x_wconf 89' lang='lat' dir='ltr'><strong>co</strong></span> <span class='ocrx_word' id='word_1_333' title='bbox 526 3721 572 3774; x_wconf 83' lang='lat' dir='ltr'><strong>ica.</strong></span> <span class='ocrx_word' id='word_1_334' title='bbox 607 3723 689 3784; x_wconf 83' lang='lat' dir='ltr'><strong>Nem,</strong></span> <span class='ocrx_word' id='word_1_335' title='bbox 706 3731 738 3774; x_wconf 89' lang='lat' dir='ltr'><strong>ut</strong></span> <span class='ocrx_word' id='word_1_336' title='bbox 747 3721 820 3774; x_wconf 80' lang='lat' dir='ltr'><strong>brevi</strong></span> <span class='ocrx_word' id='word_1_337' title='bbox 832 3722 979 3791; x_wconf 75' lang='lat' dir='ltr'><strong>expediam,</strong></span> <span class='ocrx_word' id='word_1_338' title='bbox 995 3721 1230 3806; x_wconf 79' lang='lat' dir='ltr'><strong>impedimentorum</strong></span> <span class='ocrx_word' id='word_1_339' title='bbox 1243 3737 1354 3788; x_wconf 72' lang='lat' dir='ltr'><strong>aggera-</strong></span> 
     </span>
     <span class='ocr_line' id='line_1_36' title="bbox 251 3737 1354 3911; baseline 0.003 -72"><span class='ocrx_word' id='word_1_340' title='bbox 251 3787 307 3852; x_wconf 91' lang='lat' dir='ltr'><strong>rio,</strong></span> <span class='ocrx_word' id='word_1_341' title='bbox 325 3789 387 3857; x_wconf 89' lang='lat' dir='ltr'><strong>quia</strong></span> <span class='ocrx_word' id='word_1_342' title='bbox 404 3788 479 3857; x_wconf 85' lang='lat' dir='ltr'><strong>pauci</strong></span> <span class='ocrx_word' id='word_1_343' title='bbox 499 3737 624 3843; x_wconf 44' lang='lat' dir='ltr'><strong>duntaxat</strong></span> <span class='ocrx_word' id='word_1_344' title='bbox 636 3790 728 3843; x_wconf 82' lang='lat' dir='ltr'><strong>armati</strong></span> <span class='ocrx_word' id='word_1_345' title='bbox 747 3791 848 3859; x_wconf 88' lang='lat' dir='ltr'><strong>equiter</strong></span> <span class='ocrx_word' id='word_1_346' title='bbox 863 3791 991 3859; x_wconf 74' lang='lat' dir='ltr'><strong>praecidio</strong></span> <span class='ocrx_word' id='word_1_347' title='bbox 1005 3791 1058 3844; x_wconf 86' lang='lat' dir='ltr'><strong>iiirr</strong></span> <span class='ocrx_word' id='word_1_348' title='bbox 1075 3791 1268 3911; x_wconf 68' lang='lat' dir='ltr'><strong>reiiurpuuntur,</strong></span> <span class='ocrx_word' id='word_1_349' title='bbox 1284 3805 1354 3842; x_wconf 83' lang='lat' dir='ltr'><strong>nuu-</strong></span> 
     </span>
     <span class='ocr_line' id='line_1_37' title="bbox 252 3855 1353 3928; baseline 0.005 -21"><span class='ocrx_word' id='word_1_350' title='bbox 252 3872 328 3926; x_wconf 85' lang='lat' dir='ltr'><strong>quam</strong></span> <span class='ocrx_word' id='word_1_351' title='bbox 345 3855 508 3909; x_wconf 83' lang='lat' dir='ltr'><strong>offeneionem</strong></span> <span class='ocrx_word' id='word_1_352' title='bbox 532 3859 748 3912; x_wconf 78' lang='lat' dir='ltr'><strong>incommodumve</strong></span> <span class='ocrx_word' id='word_1_353' title='bbox 766 3859 893 3912; x_wconf 83' lang='lat' dir='ltr'><strong>exercitui</strong></span> <span class='ocrx_word' id='word_1_354' title='bbox 911 3867 999 3912; x_wconf 85' lang='lat' dir='ltr'><strong>uortro</strong></span> <span class='ocrx_word' id='word_1_355' title='bbox 1022 3859 1094 3912; x_wconf 85' lang='lat' dir='ltr'><strong>tulitr</strong></span> <span class='ocrx_word' id='word_1_356' title='bbox 1118 3877 1146 3912; x_wconf 87' lang='lat' dir='ltr'><strong>re</strong></span> <span class='ocrx_word' id='word_1_357' title='bbox 1182 3857 1285 3928; x_wconf 75' lang='lat' dir='ltr'><strong>quoue·</strong></span> <span class='ocrx_word' id='word_1_358' title='bbox 1308 3857 1353 3911; x_wconf 85' lang='lat' dir='ltr'><strong>di·</strong></span> 
     </span>
     <span class='ocr_line' id='line_1_38' title="bbox 251 3925 1352 3998; baseline 0.003 -21"><span class='ocrx_word' id='word_1_359' title='bbox 251 3925 354 3978; x_wconf 84' lang='lat' dir='ltr'><strong>micetio</strong></span> <span class='ocrx_word' id='word_1_360' title='bbox 372 3925 489 3978; x_wconf 78' lang='lat' dir='ltr'><strong>coniectu</strong></span> <span class='ocrx_word' id='word_1_361' title='bbox 513 3933 604 3980; x_wconf 81' lang='lat' dir='ltr'><strong>contra</strong></span> <span class='ocrx_word' id='word_1_362' title='bbox 621 3927 665 3979; x_wconf 86' lang='lat' dir='ltr'><strong>iiia</strong></span> <span class='ocrx_word' id='word_1_363' title='bbox 686 3935 741 3992; x_wconf 87' lang='lat' dir='ltr'><strong>ert,</strong></span> <span class='ocrx_word' id='word_1_364' title='bbox 766 3944 867 3998; x_wconf 87' lang='lat' dir='ltr'><strong>remper</strong></span> <span class='ocrx_word' id='word_1_365' title='bbox 886 3929 1014 3982; x_wconf 72' lang='lat' dir='ltr'><strong>exercitum</strong></span> <span class='ocrx_word' id='word_1_366' title='bbox 1030 3929 1159 3982; x_wconf 83' lang='lat' dir='ltr'><strong>Romenur</strong></span> <span class='ocrx_word' id='word_1_367' title='bbox 1176 3927 1263 3980; x_wconf 82' lang='lat' dir='ltr'><strong>horter</strong></span> <span class='ocrx_word' id='word_1_368' title='bbox 1283 3926 1352 3980; x_wconf 82' lang='lat' dir='ltr'><strong>bene</strong></span> 
     </span>
     <span class='ocr_line' id='line_1_39' title="bbox 249 3993 1353 4064; baseline 0.001 -18"><span class='ocrx_word' id='word_1_369' title='bbox 249 3993 343 4046; x_wconf 85' lang='lat' dir='ltr'><strong>multoe</strong></span> <span class='ocrx_word' id='word_1_370' title='bbox 362 4009 418 4046; x_wconf 80' lang='lat' dir='ltr'><strong>unu</strong></span> <span class='ocrx_word' id='word_1_371' title='bbox 437 3995 507 4062; x_wconf 82' lang='lat' dir='ltr'><strong>cepit</strong></span> <span class='ocrx_word' id='word_1_372' title='bbox 518 4003 571 4047; x_wconf 88' lang='lat' dir='ltr'><strong>tum</strong></span> <span class='ocrx_word' id='word_1_373' title='bbox 581 3995 726 4059; x_wconf 84' lang='lat' dir='ltr'><strong>interiecit;</strong></span> <span class='ocrx_word' id='word_1_374' title='bbox 742 3995 856 4050; x_wconf 88' lang='lat' dir='ltr'><strong>iumenta</strong></span> <span class='ocrx_word' id='word_1_375' title='bbox 870 4007 899 4050; x_wconf 83' lang='lat' dir='ltr'><strong>et</strong></span> <span class='ocrx_word' id='word_1_376' title='bbox 911 3997 992 4050; x_wconf 87' lang='lat' dir='ltr'><strong>muiae</strong></span> <span class='ocrx_word' id='word_1_377' title='bbox 1005 4004 1110 4052; x_wconf 84' lang='lat' dir='ltr'><strong>onurtar</strong></span> <span class='ocrx_word' id='word_1_378' title='bbox 1121 4013 1172 4050; x_wconf 91' lang='lat' dir='ltr'><strong>uon</strong></span> <span class='ocrx_word' id='word_1_379' title='bbox 1185 4012 1249 4048; x_wconf 81' lang='lat' dir='ltr'><strong>unae</strong></span> <span class='ocrx_word' id='word_1_380' title='bbox 1262 3995 1289 4048; x_wconf 87' lang='lat' dir='ltr'><strong>iu</strong></span> <span class='ocrx_word' id='word_1_381' title='bbox 1302 4011 1353 4064; x_wconf 89' lang='lat' dir='ltr'><strong>po-</strong></span> 
     </span>
     <span class='ocr_line' id='line_1_40' title="bbox 249 4061 1353 4134; baseline 0.003 -20"><span class='ocrx_word' id='word_1_382' title='bbox 249 4069 371 4115; x_wconf 86' lang='lat' dir='ltr'><strong>trrtetem</strong></span> <span class='ocrx_word' id='word_1_383' title='bbox 392 4061 504 4131; x_wconf 78' lang='lat' dir='ltr'><strong>redegit</strong></span> <span class='ocrx_word' id='word_1_384' title='bbox 539 4063 617 4127; x_wconf 78' lang='lat' dir='ltr'><strong>Quod</strong></span> <span class='ocrx_word' id='word_1_385' title='bbox 640 4063 665 4116; x_wconf 90' lang='lat' dir='ltr'><strong>ri</strong></span> <span class='ocrx_word' id='word_1_386' title='bbox 683 4073 818 4134; x_wconf 74' lang='lat' dir='ltr'><strong>praeterea</strong></span> <span class='ocrx_word' id='word_1_387' title='bbox 837 4066 984 4134; x_wconf 72' lang='lat' dir='ltr'><strong>pertinen,</strong></span> <span class='ocrx_word' id='word_1_388' title='bbox 1007 4073 1118 4120; x_wconf 85' lang='lat' dir='ltr'><strong>armatur</strong></span> <span class='ocrx_word' id='word_1_389' title='bbox 1135 4065 1180 4118; x_wconf 89' lang='lat' dir='ltr'><strong>ilie</strong></span> <span class='ocrx_word' id='word_1_390' title='bbox 1202 4065 1304 4134; x_wconf 83' lang='lat' dir='ltr'><strong>quidem</strong></span> <span class='ocrx_word' id='word_1_391' title='bbox 1322 4067 1353 4117; x_wconf 87' lang='lat' dir='ltr'><strong>ct</strong></span> 
     </span>
     <span class='ocr_line' id='line_1_41' title="bbox 249 4130 1352 4206; baseline 0.002 -23"><span class='ocrx_word' id='word_1_392' title='bbox 249 4130 406 4184; x_wconf 81' lang='lat' dir='ltr'><strong>exercitatur</strong></span> <span class='ocrx_word' id='word_1_393' title='bbox 426 4131 459 4184; x_wconf 88' lang='lat' dir='ltr'><strong>ad</strong></span> <span class='ocrx_word' id='word_1_394' title='bbox 480 4131 670 4201; x_wconf 75' lang='lat' dir='ltr'><strong>praeliandum,</strong></span> <span class='ocrx_word' id='word_1_395' title='bbox 688 4133 731 4186; x_wconf 91' lang='lat' dir='ltr'><strong>die</strong></span> <span class='ocrx_word' id='word_1_396' title='bbox 751 4133 921 4188; x_wconf 72' lang='lat' dir='ltr'><strong>dimicatiordr</strong></span> <span class='ocrx_word' id='word_1_397' title='bbox 941 4143 1045 4205; x_wconf 88' lang='lat' dir='ltr'><strong>praerto</strong></span> <span class='ocrx_word' id='word_1_398' title='bbox 1065 4153 1122 4188; x_wconf 86' lang='lat' dir='ltr'><strong>erre</strong></span> <span class='ocrx_word' id='word_1_399' title='bbox 1140 4139 1242 4206; x_wconf 85' lang='lat' dir='ltr'><strong>puteat,</strong></span> <span class='ocrx_word' id='word_1_400' title='bbox 1258 4133 1287 4186; x_wconf 85' lang='lat' dir='ltr'><strong>in</strong></span> <span class='ocrx_word' id='word_1_401' title='bbox 1302 4131 1352 4186; x_wconf 78' lang='lat' dir='ltr'><strong>ad-</strong></span> 
     </span>
     <span class='ocr_line' id='line_1_42' title="bbox 142 4199 1352 4274; baseline 0.002 -23"><span class='ocrx_word' id='word_1_402' title='bbox 142 4237 145 4246; x_wconf 66' lang='grc'><strong><em>,</em></strong></span> <span class='ocrx_word' id='word_1_403' title='bbox 248 4199 392 4264; x_wconf 80' lang='lat' dir='ltr'><strong>venarier,</strong></span> <span class='ocrx_word' id='word_1_404' title='bbox 410 4217 504 4254; x_wconf 88' lang='lat' dir='ltr'><strong>corona</strong></span> <span class='ocrx_word' id='word_1_405' title='bbox 523 4201 634 4271; x_wconf 88' lang='lat' dir='ltr'><strong>undique</strong></span> <span class='ocrx_word' id='word_1_406' title='bbox 654 4201 760 4267; x_wconf 74' lang='lat' dir='ltr'><strong>cicietur,</strong></span> <span class='ocrx_word' id='word_1_407' title='bbox 779 4203 994 4273; x_wconf 79' lang='lat' dir='ltr'><strong>impugnationem</strong></span> <span class='ocrx_word' id='word_1_408' title='bbox 1008 4203 1060 4257; x_wconf 87' lang='lat' dir='ltr'><strong>dux</strong></span> <span class='ocrx_word' id='word_1_409' title='bbox 1080 4221 1127 4274; x_wconf 86' lang='lat' dir='ltr'><strong>pro</strong></span> <span class='ocrx_word' id='word_1_410' title='bbox 1147 4219 1195 4255; x_wconf 90' lang='lat' dir='ltr'><strong>ruo</strong></span> <span class='ocrx_word' id='word_1_411' title='bbox 1207 4201 1293 4256; x_wconf 84' lang='lat' dir='ltr'><strong>officio</strong></span> <span class='ocrx_word' id='word_1_412' title='bbox 1308 4200 1352 4253; x_wconf 81' lang='lat' dir='ltr'><strong>iu-</strong></span> 
     </span>
     <span class='ocr_line' id='line_1_43' title="bbox 248 4269 1351 4342; baseline 0.001 -21"><span class='ocrx_word' id='word_1_413' title='bbox 248 4273 347 4332; x_wconf 75' lang='lat' dir='ltr'><strong>attunt,</strong></span> <span class='ocrx_word' id='word_1_414' title='bbox 369 4285 465 4339; x_wconf 86' lang='lat' dir='ltr'><strong>aerque</strong></span> <span class='ocrx_word' id='word_1_415' title='bbox 480 4287 586 4340; x_wconf 88' lang='lat' dir='ltr'><strong>prorrur</strong></span> <span class='ocrx_word' id='word_1_416' title='bbox 601 4272 635 4324; x_wconf 90' lang='lat' dir='ltr'><strong>ed</strong></span> <span class='ocrx_word' id='word_1_417' title='bbox 649 4271 847 4326; x_wconf 82' lang='lat' dir='ltr'><strong>internecionem</strong></span> <span class='ocrx_word' id='word_1_418' title='bbox 862 4271 974 4342; x_wconf 73' lang='lat' dir='ltr'><strong>redigat.</strong></span> <span class='ocrx_word' id='word_1_419' title='bbox 1009 4273 1087 4326; x_wconf 80' lang='lat' dir='ltr'><strong>Tutia</strong></span> <span class='ocrx_word' id='word_1_420' title='bbox 1102 4272 1169 4326; x_wconf 84' lang='lat' dir='ltr'><strong>caim</strong></span> <span class='ocrx_word' id='word_1_421' title='bbox 1184 4287 1241 4324; x_wconf 73' lang='lat' dir='ltr'><strong>curm</strong></span> <span class='ocrx_word' id='word_1_422' title='bbox 1255 4269 1351 4324; x_wconf 83' lang='lat' dir='ltr'><strong>adver·</strong></span> 
     </span>
     <span class='ocr_line' id='line_1_44' title="bbox 245 4337 1351 4412; baseline -0.001 -19"><span class='ocrx_word' id='word_1_423' title='bbox 245 4353 292 4393; x_wconf 87' lang='lat' dir='ltr'><strong>rur</strong></span> <span class='ocrx_word' id='word_1_424' title='bbox 304 4337 485 4411; x_wconf 78' lang='lat' dir='ltr'><strong>impedimeote</strong></span> <span class='ocrx_word' id='word_1_425' title='bbox 497 4341 623 4411; x_wconf 83' lang='lat' dir='ltr'><strong>hortium,</strong></span> <span class='ocrx_word' id='word_1_426' title='bbox 639 4345 693 4396; x_wconf 77' lang='lat' dir='ltr'><strong>urm</strong></span> <span class='ocrx_word' id='word_1_427' title='bbox 707 4339 785 4396; x_wconf 83' lang='lat' dir='ltr'><strong>etiam</strong></span> <span class='ocrx_word' id='word_1_428' title='bbox 798 4343 925 4399; x_wconf 72' lang='grc' dir='ltr'><strong><em>κάτοινοι</em></strong></span> <span class='ocrx_word' id='word_1_429' title='bbox 937 4341 1088 4398; x_wconf 79' lang='lat' dir='ltr'><strong>matraiiiir</strong></span> <span class='ocrx_word' id='word_1_430' title='bbox 1098 4339 1276 4412; x_wconf 73' lang='lat' dir='ltr'><strong>iugrucmibur</strong></span> <span class='ocrx_word' id='word_1_431' title='bbox 1286 4353 1351 4394; x_wconf 84' lang='lat' dir='ltr'><strong>cre·</strong></span> 
     </span>
    </p>
   </div>
   <div class='ocr_carea' id='block_1_5' title="bbox 0 0 1536 4810">
    <p class='ocr_par' dir='ltr' id='par_1_5' title="bbox 0 0 1536 4810">
     <span class='ocr_line' id='line_1_45' title="bbox 0 0 1536 4810; baseline 0 6"><span class='ocrx_word' id='word_1_432' title='bbox 0 0 1536 4810; x_wconf 95' lang='lat' dir='ltr'><strong> </strong></span> 
     </span>
    </p>
   </div>
  </div>
 </body>
</html>
