2984 4798
457 359 503 426 IN
523 353 765 426 THEODOSII
784 351 1072 424 ACROASES.
1206 345 1281 424 561

277 510 393 596 licitere]
417 509 523 591 Πόλος
542 515 663 596 scripsit
680 513 798 574 Codicis
813 511 1013 590 librariuss
989 533 1104 595 arcquo
1101 517 1148 578 od
1167 516 1282 578 eiusfi-

188 601 255 662 dem
270 601 363 662 edidit
380 602 553 678 Corneliua3
575 622 630 660 noc
649 594 751 673 πόλεις
766 599 996 661 emendavimur.
1307 659 1311 666 ,

272 691 324 754 82.
344 685 504 766 Ἡρακλῆς]
526 646 625 760 Q'urm
651 685 820 744 Laomedon
842 683 948 744 Troiae
966 684 1084 744 moenia
1102 685 1202 748 moliri
1222 697 1281 748 ata-

64 791 67 798 ’
188 770 302 848 tuimet,
318 772 489 850 Neptunum
500 781 530 832 et
547 771 718 850 Apollinem
734 769 771 828 od
785 789 861 850 opor
875 779 962 849 pacta
977 769 1113 832 mercede
1127 772 1281 850 conduxit,

188 876 276 935 quarn
298 867 402 936 posteo
424 855 593 915 Laomedon
613 856 780 936 persolvere
796 855 945 914 recurarit
952 876 961 931 ;
984 875 1042 935 quo
1063 855 1100 914 de
1115 875 1148 914 re
1164 857 1281 935 Neptu·

185 959 245 1002 nuc
265 942 311 1000 ira
328 940 458 1020 parcitur
474 963 583 1016 οιιιιιτε,
605 951 640 1000 ut
656 940 753 1020 inquit
778 940 905 999 Ovidius
923 939 995 1001 Met.
1011 941 1067 1000 lib.
1083 939 1135 1000 XI.
1155 960 1185 1004 v.
1207 946 1281 1018 207,

186 1027 349 1084 inelinavit
365 1047 465 1106 aquae
479 1025 524 1084 ad
538 1048 653 1084 avarae
667 1026 774 1083 littora
795 1026 916 1083 Troiae:
937 1045 1033 1104 noque
1046 1023 1106 1084 hoc
1122 1033 1280 1086 contentus

185 1109 491 1190 Hesionemquoque,
515 1109 828 1170 Laomedontiefiliom
850 1117 880 1168 et
905 1109 1015 1170 Priami
1042 1131 1190 1188 acrorem,
1214 1120 1280 1171 ceto

186 1195 383 1255 obiiciendam
404 1195 558 1278 poposcit,
580 1215 670 1277 quam
690 1193 773 1280 dorp
794 1193 839 1253 ad
858 1215 936 1253 coxa
958 1197 1122 1256 reeinctam
1138 1196 1281 1258 Herculea

184 1278 375 1340 liberavit.

268 1365 320 1430 84
346 1369 409 1428 Τοῦ
421 1357 529 1464 τινρός]
550 1365 696 1427 Vitiorum
713 1383 775 1423 erae
788 1361 848 1424 hoc
861 1365 983 1426 verbum
1000 1363 1146 1436 arbitror,
1169 1385 1204 1424 ac
1220 1386 1280 1448 po·

185 1448 248 1508 tina
268 1450 427 1548 legendum
440 1445 547 1532 θηρός.
588 1449 729 1528 Meleagri
744 1450 892 1528 fabulam,
915 1451 965 1530 qui
982 1451 1108 1530 patriam
1125 1471 1208 1511 suani
1224 1453 1281 1511 Ca·

184 1534 326 1614 lydonem
352 1535 417 1596 ab
408 1535 530 1596 immani
557 1535 612 1595 illo
634 1555 724 1615 apro,
741 1535 872 1594 aDiana
894 1535 1008 1595 vindici
1029 1537 1126 1596 animo
1146 1535 1279 1597 immisso

184 1617 341 1700 totumque
356 1641 480 1698 regnum
493 1629 662 1695 evertente,
685 1619 842 1696 liberavit,
871 1621 941 1680 artie
962 1641 1063 1680 omnen
1086 1631 1279 1699 cognoscunt.

184 1704 254 1765 Non
270 1707 344 1766 adeo
361 1715 459 1764 antem
476 1725 507 1764 rc
522 1705 672 1785 praeclare
687 1703 871 1786 gernirsemit
883 1705 1078 1784 Meleagrum,
1098 1706 1170 1766 dum
1186 1708 1278 1766 feram

184 1788 270 1849 illem
285 1789 452 1866 interiecit,
474 1799 509 1849 nt
529 1792 681 1850 Romanur
701 1789 794 1869 imp,
816 1809 868 1848 reu
880 1791 982 1870 potina
1001 1789 1203 1870 Nicephorua,
1226 1791 1280 1870 qui

184 1876 332 1937 mundum
349 1875 524 1935 univercum
542 1897 558 1934 n
581 1877 685 1934 Cretae
706 1883 853 1954 tyranno,
874 1875 1007 1956 regiones
1031 1895 1132 1934 omnen
1150 1877 1280 1956 proede-

184 1959 316 2020 tionibur
335 1961 500 2041 plurimum
520 1959 685 2039 affligente,
706 1959 879 2019 vindicavit.
931 1959 995 2040 [iio
1017 1961 1181 2039 Calydonio
1206 1982 1279 2041 opro

184 2064 247 2104 non
262 2054 306 2104 eet
319 2046 519 2123 cogitandum,
534 2065 593 2105 nee
605 2042 796 2106 aollieitanda
811 2044 927 2106 Codicis
940 2045 1041 2110 lectio.
1063 2046 1233 2127 despicitur
1244 2047 1280 2110 ll.

184 2128 239 2191 lX.
252 2131 325 2197 589
339 2131 410 2196 593
431 2131 464 2193 F.
480 2130 515 2210 1.]

269 2218 321 2280 36.
341 2210 464 2296 bitere]
489 2214 578 2274 Aio'ei
598 2213 656 2276 filii
676 2214 752 2274 Otue
773 2222 803 2272 et
826 2211 979 2294 Ephialten
1001 2213 1132 2292 gigantea
1157 2215 1280 2275 Creten-

184 2320 242 2375 eea,
255 2308 290 2358 ut
303 2301 436 2408 loquitur
449 2299 650 2382 Apollodorus
662 2299 715 2359 lib.
730 2299 754 2358 L
768 2318 833 2380 pag.
848 2299 906 2375 15,
920 2295 1054 2378 ”Edpoov
1069 2297 1102 2362 di
1113 2297 1182 2361 aei*
1176 2306 1279 2382 Αρην·

184 2389 293 2448 τοῦτον
315 2377 429 2464 μὲν
390 2409 448 2448 ουν
468 2383 579 2468 Ἑρμῆς
597 2384 763 2470 ἐξέκλεψεν.
800 2385 966 2443 Martem·
953 2405 1077 2463 ιιιειιρει
1101 2385 1134 2443 in
1154 2386 1281 2444 vinculo
1384 2381 1389 2398 '

184 2471 341 2546 coniecere,
363 2491 450 2549 quem
465 2469 585 2529 demum
599 2471 772 2529 Mercurius
777 2471 872 2544 furto
893 2470 1023 2567 eripuii3
1043 2467 1118 2529 hinc
1138 2470 1280 2531 Claudit-

183 2575 241 2616 nna
255 2553 293 2616 de
306 2555 392 2616 Bello
406 2556 471 2618 Get.
488 2575 580 2617 carm.
593 2553 705 2616 xxvi.
724 2573 755 2614 v.
768 2557 819 2620 67.
834 2543 959 2615 cecinit·

314 2659 402 2740 Quid
414 2665 543 2740 ιιιίιιιιιι,
564 2665 595 2720 εἰ
606 2679 702 2742 regna
717 2659 806 2720 labor
819 2657 965 2718 mortalia
978 2658 1089 2719 vexati

314 2747 391 2805 Cum
406 2750 520 2826 gericine
514 2749 664 2825 'fratrea,
679 2748 787 2825 genuit
802 2766 876 2826 quoe
889 2765 978 2826 anper
989 2744 1117 2821 Alot'ua,

313 2831 444 2889 Martem
459 2829 652 2891 reddiderint
666 2831 798 2891 vinclis?

186 2933 246 2996 Sed
259 2955 332 3016 prae
348 2937 452 2996 ceteris
473 2958 574 2997 omncs
590 2937 648 2997 hor
661 2933 821 2996 Theodosii
839 2935 1006 2998 versicolor
1021 2919 1155 2996 iliustrat
1166 2933 1281 2997 Homo·

185 3021 337 3084 rualliad.
354 3019 408 3080 lib.
423 3021 458 3082 V.
478 3040 509 3086 ν.
525 3021 599 3090 885.
622 3019 675 3081 nbi
690 3021 749 3080 ait:
800 3057 804 3066 ·

232 3135 297 3212 Τλῆ
311 3123 393 3236 pie*
385 3121 520 3210 Αρης,”
502 3148 550 3190 ore
568 3150 620 3208 μιν
629 3119 721 3202 Ὦτος
736 3118 906 3230 κραιιρὸςτ
909 3115 1104 3208 ηΕλμιοῖλτιρς,

146 3261 154 3281 .
230 3217 344 3290 Παῖδες
362 3208 507 3320 Ἀλωῆος,
527 3213 624 3317 δῆσαν
637 3233 769 3296 ιιρατιρρι
758 3209 830 3273 ‘tat
848 3210 970 3314 δεσμῷ·

231 3299 356 3404 Χαλιιὲρι
372 3293 403 3362 d’
420 3296 453 3362 ἒν
467 3291 589 3404 ιιερᾶμρι
604 3295 704 3360 δέδετο
721 3273 910 3404 τρισκαίδεκα
924 3295 1039 3374 μῆνας·

231 3387 295 3448 nat
306 3407 346 3448 νν
364 3405 418 3448 κεν
431 3377 501 3446 tvo'
517 3375 661 3446 ἇιιόλοιτο
667 3373 798 3462 Ἀρης
777 3402 848 3454 croc
859 3375 1012 3463 πολέμοιο,

229 3465 329 3530 Ei
287 3495 328 3550 μη
349 3488 477 3570 μητροιη
470 3463 670 3574 περικαλλης
685 3459 834 3572 Ἠερίβοια

175 3551 335 3662 Ἑρμέᾳ
349 3549 528 3653 ἐξήγγειλεν·
550 3547 614 3617 ὅδ’
628 3550 785 3630 ἐξέκλεψεν
802 3545 915 3658 ’Apio

222 3634 307 3719 ’Ἤδη
320 3633 505 3720 τειρόμενον·
527 3634 651 3718 χαλεπὸς
666 3635 699 3700 di
714 3635 729 3700 ἕ
742 3632 846 3718 δεσμὸς
860 3626 988 3715 ἐδάμνα.

229 3749 350 3808 Passus
379 3755 423 3804 eat
446 3741 570 3826 quidem
599 3744 706 3820 Mare,
728 3739 851 3824 quando
882 3743 986 3822 iprum
1015 3741 1094 3804 Otue
1128 3742 1282 3824 fortiaque
1364 3783 1369 3804 ι

761 3831 795 3888 E
812 3827 925 3886 dialtea

230 3913 309 3973 lilii
319 3911 410 3972 Alo'e‘i
421 3914 594 3996 ligaverunt
607 3911 725 3976 validis
736 3849 880 3977 circitelio.

228 3999 324 4059 Aereo
341 4011 442 4058 aretem
456 4004 489 4060 ι’·ιι
502 4021 617 4059 earcere
627 4001 824 4080 ligotuasuit
837 3996 979 4064 tredecim
992 4017 1117 4058 meneee:
1296 3997 1355 4054 cot.
1373 3997 1391 4052 2

229 4081 270 4142 Et
283 4082 406 4164 quidem
420 4085 464 4144 ιλιι
471 4089 612 4166 periisset
623 4087 712 4146 Mara
730 4084 919 4145 imatiobiiia
934 4084 1016 4158 belli,

233 4169 306 4229 Nisi
321 4190 448 4232 noverca
455 4169 644 4251 perpulchra
654 4171 803 4232 Eeriboea

231 4255 385 4316 Mercurio
400 4254 484 4316 illud
496 4255 681 4319 indieoaeetr
702 4256 753 4317 liic
766 4265 868 4316 aretem
870 4257 993 4335 furtim
1008 4251 1165 4332 audierit,

234 4341 302 4402 λαιιι
314 4339 397 4412 deero
409 4344 488 4404 enim
506 4345 606 4425 ιῖμειιιιι
620 4345 747 4407 vineola
764 4343 969 4426 conficiebant.
