3064 4810
552 365 786 436 fflSTORIAE
805 367 848 436 X.
878 379 909 440 2.
1198 359 1272 434 163

175 532 395 624 βλαστάνουσα
404 584 415 617 ,
442 528 580 622 ψαφαρά
599 557 647 609 τις
667 525 747 600 οὖσα
770 533 820 598 καί
840 529 975 613 ἀνικμος.
1011 527 1061 592 διά
1078 535 1179 596 ταῦτα
1196 527 1322 616 nptias.
1336 539 1411 598 0974

91 673 100 684 ¹
176 646 239 708 τῶν
269 639 445 725 Ἅγαρηνῶν
470 635 554 725 step
580 635 798 723 προσαχθέντα
825 637 911 721 δῶρα
937 630 1212 714 ἀνσκευασάμενος,
1240 635 1272 700 ἐν
1301 609 1393 664 LL⁵

175 739 303 829 μυριάσι
312 742 500 828 τριακοσίαις
515 735 650 826 ἀρχόρου
666 741 716 804 καί
726 744 844 833 χρυσοά
860 731 1145 832 ἀριθμοόμενα,.είς
1158 737 1194 802 τὸ
1204 740 1303 802 Βυ-Ι)

178 843 299 926 ζάντιον
322 844 512 922 ἐπανίζευξε,
539 845 591 906 καί
607 838 662 906 τόν
684 863 717 905 τε
731 840 848 925 χρυσὸν
873 841 923 904 καί
946 837 1000 904 τάν
1017 836 1150 926 ἀρχαρον
1165 841 1216 904 καί
1234 841 1275 906 τά

153 951 214 1018 5ίκ
226 952 339 1032 Σηρῶν
353 941 525 1032 δφάσματα
552 939 773 1030 καδάράματα
782 991 793 1022 ,
821 944 871 1008 καὶ
888 940 947 1008 ὅσα
964 940 1041 1027 πρὸς
1063 949 1125 1008 τῶν
1141 943 1274 1028 Ἀφαρη-

176 1056 238 1116 νῶν
253 1049 395 1135 ἀνείληφε
413 1049 515 1132 δῶρα,
545 1046 596 1112 διδ
609 1051 665 1130 τῆς
680 1044 795 1131 ἀγορᾶς
811 1041 1016 1130 ἐθριάμβευσε
1024 1092 1036 1125 ,
1063 1051 1126 1112 τῶν
1143 1046 1275 1111 ἀστικῶν

177 1152 344 1235 θεωμένων
365 1152 417 1214 καὶ
438 1149 474 1214 τὸ
499 1155 621 1232 πλῆθος
643 1147 745 1213 αάτῶν
776 1145 1021 1231 θαυμαζόντων,
1050 1152 1218 1234 φιλοτίμως
1242 1173 1275 1214 τε

177 1261 288 1320 τοῦτον
306 1249 536 1336 ὑποδεχομένων
545 1301 556 1331 ,
584 1253 635 1316 καὶ
657 1249 715 1316 σὺν
735 1249 897 1338 εὐφημίαις
911 1249 1154 1338 προπεμπόντων
1171 1254 1213 1328 είς
1234 1252 1275 1318 τά

175 1359 338 1441 βασίλεια,
369 1365 444 1432 τοῖς
455 1351 606 1430 τοιούτοις
621 1355 779 1440 τροπαίοις
806 1350 1002 1436 κλεῖζόμενον.
1024 1362 1206 1441 ,τηνικαῦτα
1225 1357 1276 1420 καί

137 1456 195 1528 1οό
209 1456 399 1544 πατριάρχης
414 1460 591 1537 Βασίλειος,
619 1453 731 1544 φθόνῳ
747 1463 809 1522 τῶν
822 1455 992 1522 ἐπισκόπων
1006 1460 1187 1543 διαβληθείς
1199 1459 1276 1548 πρὸς

177 1561 233 1628 τόν
249 1557 463 1648 αὐτοκράτορα
472 1608 484 1642 ,
512 1557 553 1638 ῶς
572 1556 610 1643 δή
626 1585 684 1624 τινι
699 1565 761 1624 τῶν
774 1559 852 1643 μέγα
874 1560 1050 1641 δυναμένων
1062 1567 1127 1652 χρρῖ
1146 1561 1203 1648 τὴν
1217 1570 1274 1648 τῆς
1290 1571 1322 1626 P.
1342 1575 1390 1630 101

177 1661 340 1748 ἡγεμονίας
357 1662 474 1750 ἀρχὴν,
501 1665 551 1728 καλ
567 1662 608 1728 τά
629 1667 685 1746 τῆς
708 1663 867 1746 ἐκκλησίας
889 1660 945 1726 οὖν
968 1660 1091 1728 εάθόνει
1115 1665 1204 1730 καθά
1226 1669 1278 1730 καί

177 1767 256 1852 πρὸς
281 1772 343 1830 τῶν
364 1768 457 1832 θείων
480 1762 618 1830 κανόνων
638 1762 828 1846 νενόμισται,
857 1767 899 1840 είς
920 1763 955 1828 τό
976 1764 1137 1847 βασιλικόν
1159 1770 1276 1832 εῖσεκα·

177 1875 259 1934 λεῖτο
280 1865 484 1954 δικαστήριονι
522 1870 584 1933 ἐπεὶ
609 1867 642 1932 δὲ
658 1867 704 1950 μὴ
724 1863 865 1952 ἀπήντα,
893 1865 964 1930 ἀλλ’
992 1869 1201 1954 ολκουμενικὴν
1220 1869 1275 1936 ἀν-

134 1984 169 2037 15
178 1972 293 2056 τελεγεν
310 1968 534 2058 ἰσχυριζόμενος
550 1970 762 2059 ἀθροισθῆναι
779 1966 926 2050 σόνοδον,
954 1973 1005 2036 καί
1019 1979 1187 2056 τηνικαῦτα
1206 1975 1274 2038 δια-

177 2071 337 2140 λόσασθαι
353 2075 393 2140 τά
413 2072 604 2158 ἐγκλήματα·
630 2080 723 2140 τοῦτο
745 2074 804 2160 γάρ
821 2069 993 2156 βούλεσθαι
1010 2077 1061 2138 καί
1077 2073 1118 2150 τά
1133 2081 1195 2141 τῶν
1213 2103 1274 2141 πα-

177 2178 274 2264 τίρων
296 2173 489 2244 θεόπνευστα
508 2177 766 2264 παροηχίλμστα,
795 2177 1003 2261 οίκουμενικην
1019 2179 1067 2242 ἀπὶ
1083 2175 1275 2265 πατριάρχου

178 2281 355 2366 καθαιρέσει
370 2287 605 2368 συγκροτεΐσθαι
622 2277 772 2346 σόνοδον·
800 2281 841 2354 εἰς
856 2278 892 2344 τὸ
908 2279 987 2344 κατὰ
1000 2279 1055 2346 τόν
1070 2277 1275 2370 Σκάμανδρον

177 2387 286 2448 τελοῶν
302 2379 555 2469 φροντιστήριον,
583 2380 656 2470 ὅπερ
672 2381 765 2457 αάτδς
779 2383 930 2466 ἐδείματο,
958 2382 1035 2472 πρός
1052 2389 1109 2448 τοῦ
1123 2385 1276 2466 βασιλέως
1383 2451 1385 2459 ,
1476 2393 1477 2400 ’

134 2488 397 2575 θοντεριορίζεται·
425 2485 503 2574 ἀνὴρ
525 2485 662 2573 ἀτροφος
679 2482 787 2568 σχεδόν
801 2509 833 2550 τε
847 2487 898 2550 καὶ
914 2483 1050 2574 ἀσαρκος
1057 2535 1068 2568 ,
1098 2488 1130 2566 ἒξ
1147 2482 1275 2553 ἀπολῶν

179 2586 298 2672 ὃνόχων
316 2589 489 2672 ἀσκητικοΐς
515 2589 627 2672 ἀγῶσιν
649 2583 726 2675 δπίρ
750 2585 842 2675 φάσιν
864 2587 1146 2674 ἀχχυμνασάμενος,
1174 2590 1301 2673 ἀμαυ-Β

176 2689 256 2778 χάνῃ
274 2692 456 2779 κεχρημένος
475 2693 559 2778 θέρει
578 2717 610 2756 τε
631 2693 681 2758 καί
698 2698 824 2776 χειμῶνι
840 2698 912 2782 μιᾷ,
941 2694 992 2756 καί
1008 2691 1107 2779 ταότη
1120 2693 1165 2778 μὴ
1181 2693 1274 2760 ἀπεκ-

181 2791 346 2878 δυόμενος,
375 2795 431 2870 ἕως
448 2792 485 2859 ἀν
509 2791 631 2882 διερρόη
652 2796 704 2858 καὶ
723 2793 875 2882 ἀχρηστος
896 2795 1042 2878 ἐξεγένετο
1048 2845 1060 2878 ,
1087 2802 1219 2880 βρωτῶν
1243 2797 1277 2861 δὲ

177 2897 223 2982 μὴ
236 2895 396 2983 γενόμενος
415 2894 572 2982 ἢποτῶν,
601 2897 680 2981 πλὴν
698 2895 814 2972 ὕδατος
830 2899 880 2962 καὶ
896 2903 958 2962 τῶν
975 2899 1007 2975 ἐξ
1022 2896 1204 2986 ἀκροδρύων
1216 2923 1276 2982 χυ·

251 3031 275 3084 1.
300 3026 372 3079 nort
389 3023 537 3082 rainucci.

174 3147 265 3199 rreqm
280 3127 512 3198 plantemsundcne
525 3129 611 3192 ullam,
621 3127 703 3192 arida,
716 3125 823 3182 humore
837 3145 936 3182 carane
960 3128 1003 3182 lta
1018 3128 1112 3182 ablatis
1124 3145 1191 3199 quae
1201 3130 1277 3184 asa-

178 3197 282 3252 rutenis
299 3199 351 3250 sibi
363 3199 545 3252 deferebantur
558 3197 646 3262 donis,
663 3213 767 3250 numero
778 3195 868 3250 tricies
882 3197 997 3251 centenis
1009 3199 1120 3250 millibus
1133 3199 1234 3265 argenti
1248 3201 1276 3251 et

178 3267 255 3330 anri,
273 3265 520 3337 Constantinopolim
532 3267 650 3331 revertit,
668 3265 711 3319 ubi
724 3283 821 3330 aurum,
839 3273 980 3335 argentum,
997 3273 1095 3320 vestem
1108 3267 1218 3318 sericam
1233 3274 1276 3318 at-

179 3353 231 3420 que
245 3335 353 3402 odores,
378 3336 447 3390 dena
460 3337 573 3406 denique
585 3354 601 3388 a
612 3336 749 3389 Saracenis
762 3342 876 3405 accepto,
893 3337 920 3388 in
932 3335 1061 3404 triumpho
1074 3351 1123 3405 per
1135 3335 1219 3388 sorum
1233 3341 1276 3388 tu-

178 3405 221 3468 nt,
237 3409 371 3474 spectante
384 3405 534 3476 copiamque
548 3423 632 3460 rerum
645 3405 876 3473 mirantepopu103
893 3412 921 3456 ct
933 3405 1050 3456 studiose
1066 3421 1127 3456 sane
1141 3404 1173 3456 ab
1187 3403 1275 3458 eodem

179 3482 223 3526 eet
236 3481 370 3544 receptus,
385 3481 480 3528 etcum
492 3474 718 3528 acclamationibus
734 3490 879 3543 magnaque
892 3474 980 3526 harum
992 3474 1158 3526 victoriarum
1173 3473 1276 3542 proedi-

178 3543 282 3598 utone
300 3543 328 3596 in
346 3543 466 3612 palatium
484 3543 619 3596 deductus.
655 3543 755 3598 Eadem
771 3549 927 3612 tempestate
945 3541 1058 3596 Basilius
1071 3543 1218 3612 patriarcha
1230 3559 1278 3595 nn·

178 3611 289 3664 tistitum
308 3611 406 3665 invidia
427 3613 594 3686 calumniatur
607 3618 647 3666 cst
659 3612 728 3682 apud
743 3613 939 3680 Imperatorem,
975 3611 1033 3664 nasi
1045 3611 1145 3666 cuidem
1159 3631 1175 3665 e
1203 3615 1277 3664 οιτο-

178 3681 249 3734 tibus
261 3681 327 3734 viris
345 3682 516 3751 principatum
528 3682 714 3766 praedixisset3
731 3680 806 3734 simul
827 3679 896 3749 quod
969 3679 1048 3734 esiam
1059 3681 1157 3734 nonita
1169 3629 1277 3734 nimini-

177 3755 284 3813 straret,
296 3751 506 3819 quemadmodum
512 3751 606 3804 divinia
617 3751 718 3819 legibus
732 3757 802 3804 esset
814 3749 989 3804 constitutum
1001 3749 1040 3803 ite
1051 3749 1085 3801 ed
1098 3749 1278 3803 wneistorinnr

176 3817 320 3889 palatinum
332 3826 440 3874 vocatus
454 3827 504 3874 eet.
539 3819 593 3873 Ubi
606 3837 663 3873 cum
678 3837 730 3872 non
742 3818 867 3883 stitisset,
884 3827 1027 3888 contraque
1042 3819 1199 3880 affirmaret,
1215 3834 1277 3870 oon·

178 3886 267 3940 cilium
284 3889 406 3956 generale
424 3889 698 3952 contemtionem,
713 3887 751 3942 ibi
765 3905 794 3941 se
806 3887 911 3940 crimina
925 3887 1082 3940 diluturum
1098 3887 1138 3940 ita
1149 3888 1215 3940 velle
1224 3886 1278 3938 Pa-

177 3963 246 4010 trnm
259 3955 352 4010 inflatu
365 3957 454 4010 divino
466 3959 527 4012 tues
542 3957 655 4022 oracula,
672 3963 702 4012 ut
714 3959 749 4014 ad
760 3956 924 4010 amovendum
938 3957 1109 4026 patriarcham
1120 3955 1223 4009 eomitia
1235 3971 1278 4007 ea·

178 4033 239 4080 sent
260 4026 370 4082 maxima
386 4027 559 4082 instituenda:
576 4029 604 4082 in
616 4026 796 4080 monasterium
817 4026 851 4079 ad
865 4025 1046 4080 Scamandrum
1079 4025 1149 4095 quod
1162 4027 1220 4094 ipse
1232 4041 1278 4076 ee·

178 4093 341 4159 dificaverat,
359 4095 392 4149 ab
405 4097 563 4165 Imperatore
577 4097 728 4152 amandatus
740 4105 791 4149 eet.
826 4095 897 4148 Erat
903 4096 928 4150 is
940 4097 1014 4148 homo
1027 4063 1085 4156 ,aiio
1097 4091 1278 4164 propemodum

177 4163 311 4218 ansonem
323 4170 351 4218 ct
364 4182 440 4224 cuna
452 4183 552 4232 carena
569 4184 585 4220 a
597 4167 694 4218 teneris
708 4163 854 4234 unguiculis
866 4165 894 4216 in
904 4163 1086 4218 certaminibus
1100 4163 1219 4216 asceticis
1233 4178 1280 4214 eu-

238 4240 356 4287 naturum
368 4235 535 4299 exercitme,
553 4235 661 4289 amiculo
674 4243 703 4288 et
716 4241 815 4288 aestate
828 4239 856 4286 et
866 4234 948 4288 hicme
960 4234 1050 4288 eodem
1060 4239 1144 4295 utura,
1162 4232 1231 4300 quod
1244 4247 1278 4282 ne

179 4302 461 4430 ,ffiiiuffid‘ffl’
479 4303 562 4386 donec
582 4301 1128 4443 dihp'ussssilmffm‘ignffl
1145 4300 1278 4424 ωρρκλερέἔ

310 4388 328 4444 p
388 4391 420 4428 en
458 4389 621 4430 ommnoncn
634 4391 684 4445 gns
775 4389 841 4444 prae
868 4387 988 4444 requam
1130 4387 1172 4424 um
