2984 4798
185 431 188 436 .
320 369 416 446 ‘tu
436 375 677 446 rnnonosu
698 375 932 450 scnonsrs.
1131 339 1270 446 oss

113 522 202 598 luisse
212 533 294 596 sliud
308 534 481 616 poimstion
495 535 533 596 sd
548 536 754 596 celebrandam
767 555 886 616 quoque
902 535 1063 617 Nicephori
1078 537 1115 598 de
1129 539 1209 600 Chr*-

114 622 224 702 lepensi
248 621 373 681 Sultsno
393 621 569 696 victorium,
592 623 672 701 quod
689 641 778 702 supra
793 621 881 680 etium
895 641 934 680 ex
948 623 1011 682 eius
1031 625 1156 704 epistole
1171 627 1210 688 sd

110 705 314 789 Nicephorum
334 707 367 766 in
385 715 488 768 nostro
509 707 623 768 llonito
643 706 911 789 comprobavimus.

327 987 383 1056 IN
403 989 695 1060 SECUNDAM
719 991 994 1104 ACROASlM.

195 1127 280 1190 Vers.
295 1125 325 1196 4.
351 1129 411 1204 Εἰς
428 1131 541 1210 καῦμα]
564 1129 714 1190 Mentibus
732 1131 794 1190 iere
808 1132 973 1192 octodecim
991 1131 1023 1190 in
1039 1132 1141 1190 Cretes
1154 1150 1209 1190 ex·
1227 1128 1286 1188 Col«
1305 1133 1318 1186 1

114 1215 292 1296 pugnatione
308 1223 471 1294 pugnatum
490 1234 551 1274 esse
570 1214 674 1274 scribit
686 1215 824 1276 Incertus
839 1217 1039 1277 continuator
1052 1215 1214 1297 Theopha-

113 1301 160 1360 rlis
182 1301 214 1358 in
236 1301 320 1360 Rom.
338 1299 401 1360 lun.
426 1319 508 1359 num.
532 1299 611 1360 XVI.
634 1321 700 1380 pug.
721 1305 794 1369 800.
823 1323 916 1381 quere
936 1312 966 1362 et
982 1303 1120 1364 unientes
1141 1301 1214 1364 solis

113 1395 211 1445 cestus
226 1403 259 1443 es
275 1385 308 1443 iu
322 1383 514 1468 expeditione
530 1385 659 1445 Graecos
675 1386 786 1446 milites
804 1388 980 1449 sustinuisse
994 1387 1214 1452 recte.odnotst

113 1469 306 1533 Theodosius.

190 1559 220 1620 7.
242 1549 344 1629 Αὖτδς
357 1549 390 1615 dl
404 1551 518 1635 scripu]
539 1553 600 1614 Has
615 1554 692 1634 Imp.
707 1556 833 1615 llornoui
849 1577 952 1634 cures,
974 1577 1011 1616 sc
1027 1555 1213 1616 sollicitudi-

112 1659 181 1716 nes,
212 1641 315 1701 nullus
338 1657 376 1698 ex
397 1639 610 1718 superstitibus
631 1639 791 1700 Historicis
815 1651 968 1701 memoret.
1012 1641 1213 1715 Quamobrem

111 1727 151 1784 ed
164 1725 226 1784 eius
245 1722 472 1784 assentationem
488 1723 630 1784 confictos
644 1745 660 1783 s
674 1721 843 1785 'lheodosio
864 1727 1008 1803 arbitror,
1032 1735 1068 1786 ut
1080 1727 1117 1785 sb
1131 1726 1211 1784 suli-

108 1810 153 1869 cis
169 1809 356 1890 potissimum
370 1807 568 1888 scriptoribus
583 1809 647 1870 lieri
662 1811 787 1888 neclet5
812 1812 921 1870 scimus
936 1813 1025 1888 enirn,
1040 1813 1208 1872 Romanum

111 1895 317 1974 voluptatibus
338 1893 441 1973 potius
464 1892 545 1953 domi
563 1895 719 1974 indulgere
739 1897 946 1973 consuevisse,
969 1897 1077 1977 quibus
1095 1897 1210 1958 fructus

110 1979 213 2060 paullo
227 1989 295 2060 post
310 1978 470 2038 contabuit.

194 2069 245 2131 20.
277 2059 339 2144 llis
362 2060 419 2142 cris
439 2060 568 2142 θλίψιν]
598 2063 643 2123 lte
664 2062 890 2140 huncuversum'
913 2065 952 2124 sd
973 2063 1063 2124 fidem
1089 2063 1209 2124 Codicis

110 2149 314 2225 restituimus,
334 2148 386 2226 qui
399 2147 432 2208 iu
445 2148 576 2208 editione
592 2149 724 2210 Cornelii
736 2150 812 2210 mule
827 2170 858 2211 se
870 2149 996 2210 hsbobst
1009 2150 1047 2210 ob
1061 2148 1210 2213 tuentum

111 2233 298 2316 pronominis
315 2227 384 2312 σήν.
763 2260 766 2268 ·

108 2339 111 2346 “
196 2323 246 2386 28.
266 2313 463 2399 Ἐζοσμὶοοο]
486 2318 543 2402 Pro
556 2318 648 2380 verbo
662 2317 722 2378 hoc
736 2318 893 2380 Cornelius
908 2339 924 2376 s
938 2317 1047 2378 Codice
1058 2317 1210 2396 sbsrrens,
1311 2369 1314 2376 ,

110 2403 197 2464 nullo
210 2423 297 2462 sensu
312 2402 406 2462 edidit
420 2401 586 2484 ἒξεσμένοο.
628 2404 778 2465 Nuucium
792 2403 962 2465 offerentem
976 2404 1132 2466 victoriam
1146 2405 1209 2464 llo·

110 2507 199 2548 muno
222 2489 346 2548 missum
362 2487 436 2548 dicit
454 2493 544 2567 polite
559 2488 596 2547 sb
616 2509 650 2548 eo
659 2534 668 2565 ,
691 2490 744 2570 qui
765 2489 799 2550 in
814 2491 861 2550 sui
875 2490 1031 2550 servitium
1046 2489 1211 2550 strinxerat

110 2574 258 2652 gladium,
280 2573 387 2653 quibus
401 2567 500 2632 verbis
514 2573 716 2656 Nicephorum
727 2575 875 2654 designet,
898 2576 950 2654 qui
965 2575 998 2634 iu
1011 2573 1137 2634 Romani
1153 2574 1211 2634 ob·

105 2659 247 2738 sequium
268 2659 307 2716 sd
320 2659 433 2718 bellum
447 2657 618 2720 huiusmodi
638 2661 792 2720 Ssrecenis
807 2661 996 2720 inferendum
1014 2669 1209 2741 processerst.

114 2740 234 2821 [Verbis
251 2737 400 2824 μάχαιραν
418 2745 564 2818 δουλικοῖς
575 2745 739 2826 ἐζωομὲνος
753 2746 1011 2808 circumscribitur
1025 2747 1104 2826 dux,
1129 2763 1210 2824 ense,

111 2835 149 2884 nt
165 2826 318 2904 dignitatis
334 2827 436 2904 signo,
458 2829 594 2906 cinctus,
614 2829 704 2909 idque
722 2833 883 2908 δουλικοῖς,
903 2841 938 2891 ut
952 2831 1089 2892 minister
1109 2826 1212 2912 Impe-

107 2914 222 2972 rstons
232 2955 240 2985 ,
263 2911 317 2990 qui
337 2911 419 2970 solus
433 2921 478 2970 est
491 2913 639 2974 dominus.
668 2916 702 2976 F.
720 2916 752 2994 h]

196 2999 248 3064 28.
270 2990 490 3078 Movocpisruv]
512 2997 578 3056 Hoc
596 2999 717 3058 nomine
733 2999 855 3080 proprie
873 2999 1031 3076 dicuntur,
1059 2999 1113 3078 qui
1132 2997 1213 3060 idem
1230 2995 1325 3057 CM

8 3103 9 3112 ¹
109 3080 192 3142 vitoe
212 3079 384 3140 institutum
405 3090 572 3158 sectantur,
595 3103 664 3161 seu,
690 3084 742 3163 qui
764 3084 954 3144 concorditer
974 3083 1065 3143 simul
1084 3084 1207 3162 degunt,

34 3200 58 3220 ο
105 3173 149 3226 'ut
167 3167 200 3226 in
224 3166 331 3234 Pttlm·
353 3165 470 3228 bXVll·
489 3185 519 3228 v·
539 3172 571 3234 6·
611 3165 645 3230 ‘O
665 3165 744 3243 Θεὸς
760 3170 918 3244 κατοικίζει
940 3163 1210 3250 μονοτρόπους

111 3251 147 3315 ἒν
170 3253 261 3337 οἴκῳ,
283 3254 372 3311 Deus
391 3251 564 3310 inhabitare
571 3255 659 3331 facit
681 3257 805 3313 unius
825 3257 947 3314 morie
969 3257 1003 3312 in
1018 3251 1116 3312 domo.
1149 3253 1210 3316 Sed

111 3336 308 3414 Symmachus
328 3337 436 3398 vertit:
466 3339 604 3396 Domum
620 3339 744 3417 praebet
769 3343 827 3416 iis,
856 3342 914 3420 qui
931 3339 1069 3398 solitarie
1089 3342 1208 3400 vivunt.

105 3419 214 3498 'ltaque
237 3422 359 3481 loannes
381 3423 501 3482 Tretses
529 3422 607 3484 chit.
625 3424 677 3484 lX.
698 3445 730 3506 ¹u.
749 3427 821 3491 838.
843 3426 951 3505 siiique
972 3423 1121 3484 inferioris
1142 3424 1208 3486 sevi

111 3505 222 3563 Graeci
242 3507 400 3583 scriptores
420 3527 455 3566 ee
475 3529 551 3570 voce
571 3509 610 3568 sd
627 3509 790 3570 Monachos
807 3510 1005 3588 designandos
1026 3510 1144 3590 saepius
1160 3509 1208 3570 usi

104 3595 193 3649 'sunt
237 3590 366 3670 cyrillus
382 3591 646 3674 scythopolitanus
665 3596 698 3655 in
710 3595 778 3656 viu
801 3597 832 3656 8.
846 3595 938 3654 Subse
957 3615 1021 3675 cup.
1036 3599 1088 3662 28.
1104 3595 1210 3656 Mons·

104 3673 238 3736 'chorum
259 3676 386 3736 virtutes
406 3677 592 3759 describens,
619 3680 742 3743 sllstum
763 3681 871 3742 Psulmi
892 3681 1074 3745 versiculum
1090 3681 1128 3740 sd
1144 3681 1210 3741 hlo-
1243 3707 1245 3712 ·

102 3759 224 3824 unctos
239 3763 390 3823 trsnssert.

103 3873 107 3882 ’
196 3849 247 3912 83.
268 3848 497 3929 Σοστρατηγοῦ]
528 3849 603 3928 Quis
626 3848 717 3914 huim
736 3849 821 3911 vocis
842 3849 902 3916 hoc
921 3850 954 3914 iu
975 3850 1042 3912 loco
1063 3871 1152 3912 verus
1169 3851 1210 3914 sit

103 3949 213 3990 sensns
235 3951 297 3991 non
318 3931 394 3992 bene
406 3953 554 4014 assequor.
597 3933 803 4020 Zvrrpnrspydg
817 3957 873 4018 pro
889 3937 1002 4015 college
1018 3937 1135 4018 imperii
1150 3937 1210 3997 mi·

106 4015 223 4092 lituris,
244 4037 295 4076 seu
309 4037 368 4097 pro
384 4037 435 4094 eo,
458 4019 509 4098 qui
526 4020 614 4080 simul
634 4023 761 4096 militet,
791 4032 820 4080 et
843 4023 1023 4103 proeliatur,
1046 4024 1208 4106 scriptores

101 4101 219 4160 'Graeci
244 4101 399 4178 adhibent3
422 4112 451 4164 et
476 4105 604 4183 proinde
624 4107 663 4165 od
682 4105 886 4186 Nicephorum
908 4107 1064 4168 referende
1087 4109 1210 4170 ridere·-

105 4193 170 4245 tur.
199 4186 307 4246 Verum
321 4207 353 4246 ee
366 4189 571 4268 interpretatio
585 4211 652 4250 cum
665 4192 803 4270 reliquis,
826 4211 901 4272 quse
919 4214 936 4251 e
950 4199 1040 4273 posit
1055 4193 1105 4254 hic
1119 4215 1209 4255 snor-

103 4275 234 4348 rnntur,
255 4293 319 4331 non
336 4273 410 4332 bene
424 4273 578 4350 cobseret3
600 4276 760 4336 etidcirco
775 4279 875 4358 potius
899 4279 978 4348 Deus
992 4279 1056 4358 ipse
1071 4283 1208 4361 Μορο-

102 4352 196 4440 τηγὸς
212 4377 229 4416 ο
244 4357 410 4419 Theodosio
440 4361 606 4442 sppellctus
622 4361 759 4440 videtur,
782 4363 867 4423 ouius
881 4364 1072 4445 potissimum
1094 4385 1152 4446 ope
1172 4383 1210 4423 oc
