2956 4800
253 1029 260 1042 ’
384 1079 637 1159 urconm
675 1079 908 1156 nautae
949 1081 1228 1160 rocennr

544 1225 1053 1360 uoulruu

777 1455 837 1511 Du

469 1593 768 1662 THEODOSII
791 1523 1176 1688 'AGROASIBUsi

690 1853 922 1870 m

257 1991 397 2106 Cretam
410 2041 538 2104 insulam
551 2051 669 2102 centum
682 2042 765 2121 olim,
777 2050 812 2102 ut
822 2041 966 2104 Horatius
981 2041 1091 2104 cecinit
1103 2041 1156 2104 lib.
1164 2037 1217 2106 IIl.
1230 2043 1287 2111 0d.
1299 2049 1352 2114 27.

247 2157 399 2228 potentem
417 2143 565 2226 Oppids'a,
587 2166 677 2225 quam
697 2145 825 2225 Agerenl
841 2146 879 2204 ab
896 2145 1039 2228 Hispania
1061 2147 1188 2226 profecti
1209 2145 1355 2208 Miobadle

251 2247 344 2310 Balbo
367 2247 550 2328 Imperatore
574 2268 621 2308 an.
636 2246 705 2311 Chr.
721 2269 889 2312 benamu.
905 2257 1141 2330 occupaverant,
1162 2249 1353 2330 Nicephorus

251 2349 366 2412 Phocus
380 2359 455 2411 tunc
469 2349 615 2430 temporis
628 2350 777 2430 Magister,
798 2361 828 2412 et
839 2351 1016 2412 Scholarum
1030 2351 1226 2411 Orientalium
1242 2353 1352 2411 llome-

252 2452 363 2530 stieus,
383 2452 459 2513 lusis
477 2453 645 2534 deletisque
667 2453 820 2532 herberie,
847 2455 1047 2514 Romanorum
1063 2453 1190 2533 Imperio
1208 2452 1350 2530 restituit,

250 2554 385 2616 Romano
405 2553 528 2616 luniore
547 2555 731 2638 Imperatore
744 2576 793 2616 an.
809 2553 878 2618 chr.
892 2577 998 2619 carun.
1023 2555 1110 2616 Hanc
1120 2555 1350 2636 expeditionem,

250 2654 378 2716 Romani
391 2655 580 2738 Imperatoris
594 2657 687 2736 iussu,
703 2657 901 2740 aNicephoro
913 2659 1045 2719 maxima
1059 2657 1209 2719 celeritate
1222 2656 1352 2718 feliciter

250 2757 417 2818 confectam
433 2747 742 2840 sequenteslloroases
756 2762 890 2842 quinque
906 2762 1058 2824 celebrant
1066 2770 1096 2822 et
1114 2769 1270 2822 exornant.
1292 2760 1352 2820 Eas

249 2860 337 2921 edere
350 2861 510 2923 meditatus
526 2873 571 2924 est
585 2863 657 2924 olim
665 2863 828 2944 lllaltretus,
844 2865 896 2925 sed
913 2865 1044 2947 primum
1058 2884 1156 2945 nuper
1172 2863 1267 2923 edidit
1279 2861 1353 2922 Fla-

247 2961 360 3022 minius
375 2963 531 3027 Cornelius
547 2966 657 3028 nobilis
669 2967 799 3028 Venetus
815 2966 849 3026 in
866 2987 921 3028 suo
932 2966 969 3028 de
983 2968 1073 3028 Creta
1088 2985 1180 3025 sacra
1196 2981 1353 3023 commen-

119 3088 123 3105 ·
188 3122 190 3128 ,
247 3063 326 3126 tario
349 3073 424 3128 tom.
441 3066 464 3127 1.
478 3087 544 3148 pag.
558 3073 630 3137 269.
671 3070 781 3130 Nullus
796 3070 888 3147 alius,
911 3069 964 3150 qui
981 3089 1030 3132 eas
1047 3067 1274 3150 complectatur,
1295 3083 1354 3125 ns·

247 3167 380 3246 quedam
394 3167 558 3232 innotescit
569 3181 653 3232 vetus
669 3171 782 3249 Codex,
800 3181 919 3253 praeter
926 3171 1106 3232 Vaticanum
1117 3177 1254 3231 notatum
1266 3187 1353 3230 num.

247 3275 323 3340 997.
332 3271 442 3333 litteris
456 3293 553 3354 paena
565 3273 624 3332 iam
637 3273 899 3346 exsolescentibus,
913 3281 944 3332 et
957 3295 975 3334 a
989 3273 1112 3336 Notaaio
1128 3271 1239 3355 potius,
1259 3291 1352 3351 quana
1397 3321 1400 3330 .

249 3395 268 3434 a
287 3373 424 3436 Librario
441 3377 607 3456 scriptum,
629 3395 668 3436 ex
680 3395 748 3457 ·quo
766 3383 832 3435 tum
852 3375 1026 3454 lllaltretus,
1048 3375 1152 3437 Allatii
1173 3391 1264 3451 eura,
1284 3383 1353 3436 tum

249 3477 408 3556 Cornelius
429 3497 579 3558 accepera.
620 3477 726 3558 Itaque
747 3477 864 3538 easdem
883 3497 1039 3540 recensere
1059 3498 1094 3538 ac
1119 3474 1264 3538 recudere
1283 3475 1352 3538 ius-

247 3599 317 3658 sus,
338 3579 399 3640 boo
420 3579 516 3640 solum
540 3590 694 3661 praestare
714 3581 817 3662 potui,
839 3589 876 3640 ut
897 3579 997 3662 ipsum
1018 3578 1159 3640 codicem
1172 3577 1353 3642 Vaticanum

244 3681 359 3742 iterum
375 3681 572 3758 consulerem,
592 3691 624 3742 et
639 3703 708 3743 cum
722 3661 898 3742 Cdrnelisna
915 3681 1047 3743 editione
1062 3681 1238 3754 conferrem,
1253 3701 1352 3762 ,quam

246 3783 379 3848 laborem
392 3805 455 3845 non
472 3783 536 3844 sine
548 3783 650 3845 bactu
665 3785 763 3866 exegi,
785 3784 841 3846 etsi
865 3803 975 3863 anceps
989 3781 1114 3860 haereo,
1136 3791 1239 3850 utrum
1251 3792 1282 3844 et
1293 3803 1351 3864 ego

244 3893 327 3970 ipse,
347 3897 414 3950 tum
435 3885 474 3946 ob
497 3881 615 3946 Codicis
636 3887 727 3961 vitia,
748 3895 814 3947 tum
835 3885 873 3947 ob
887 3883 1066 3965 singularem
1081 3891 1188 3964 poetae
1200 3885 1353 3968 sequioris

245 3989 313 4052 aevi
323 3989 436 4068 stilum,
450 3989 550 4050 omnia
563 3989 638 4050 bene
654 3998 830 4068 assequutus
844 3988 910 4049 sim.
933 3988 1034 4062 Quare
1044 3988 1242 4050 dubitationes
1255 4007 1353 4070 qnas-

245 4093 315 4155 dam
330 4112 416 4180 'meas
438 4113 474 4152 ae
498 4091 686 4154 coniecturas
711 4089 746 4152 in
768 4089 909 4152 subiectis
931 4091 1175 4154 adnotationibus
1195 4090 1350 4171 indicabo,

243 4195 299 4256 ubi
322 4193 411 4256 etism
432 4195 523 4276 plura
542 4213 722 4275 prosequar,
745 4213 821 4274 qnae
843 4212 949 4255 sensus
971 4193 1104 4256 auctoris
1124 4214 1161 4254 ac
1179 4212 1282 4256 rerum
1295 4191 1353 4254 hi-

244 4295 369 4359 storiam
387 4297 571 4360 luenleratius
589 4303 752 4378 exponam„
